4109 5934
443 720 505 783 540
800 733 828 776 s.
851 731 966 777 nuqua
990 729 1205 776 cusentinus

441 866 496 945 qui
514 864 589 927 dicit
605 881 673 927 eam
691 881 754 926 non
772 880 836 926 esse
853 861 945 925 tatem
961 860 1023 922 nisi
1039 868 1181 940 respectu
1199 861 1309 936 nostri,
1327 870 1362 924 ut
1376 863 1461 944 facit
1477 863 1582 944 Cirp-

441 991 604 1056 scstomus,
621 990 664 1044 est
682 982 860 1044 contrarius
882 979 1001 1043 actioni
1022 977 1158 1052 divinae,
1179 988 1237 1042 aut
1247 978 1399 1061 puiiiator
1414 982 1578 1045 veritatis:

442 1118 495 1163 nec
517 1099 568 1162 iiic
590 1097 696 1162 metior
718 1099 777 1161 erit
800 1095 962 1178 Epicurus
985 1104 1015 1159 et
1038 1094 1213 1172 Lucretius,
1239 1098 1297 1178 qui
1327 1096 1439 1161 sidera
1470 1108 1576 1164 tantae

440 1216 626 1297 quantitatis
659 1230 722 1277 esse
753 1214 851 1294 ponit,
875 1222 1014 1294 quantae
1037 1221 1201 1294 apparent.
1236 1210 1325 1293 Erqa
1360 1211 1476 1276 iunam
1505 1235 1574 1279 cere

440 1349 592 1412 maqnum
615 1331 772 1394 luminare
793 1328 947 1393 dicemus:
965 1330 1259 1411 acceptabimusque
1276 1329 1321 1393 sic
1339 1327 1478 1410 Epicuri
1493 1332 1576 1413 impii

443 1469 506 1515 non
530 1450 741 1513 mathematici
762 1450 998 1528 emporiticnem,
1021 1459 1059 1513 ut
1080 1448 1190 1530 ctrqc.
1205 1448 1437 1529 expositionem
1453 1467 1496 1513 en
1511 1467 1578 1513 ma-

443 1565 614 1629 thematicis
628 1571 731 1627 ortam
746 1561 930 1636 renuamus,
948 1563 1153 1646 quassemus·
1162 1561 1310 1644 popotart
1326 1561 1580 1643 applaudamus?

442 1681 561 1747 Sensus
583 1699 706 1763 quoque
727 1697 840 1743 arcum
862 1680 937 1744 cccii
957 1681 1026 1763 fieri
1048 1681 1083 1743 in
1100 1678 1320 1750 ocuranda,
1338 1679 1449 1744 radiat
1465 1679 1580 1744 solarer

443 1800 587 1864 aduersos
610 1798 781 1878 emcipiente
815 1816 852 1861 ac
884 1797 1049 1879 sudante,
1071 1796 1217 1878 judicat,
1252 1805 1290 1859 ut
1324 1795 1435 1878 paiam
1469 1808 1517 1860 est
1549 1801 1581 1860 in

441 1917 646 1998 pitqsioioqia.
670 1914 714 1979 At
738 1913 910 1996 Scriptura
933 1913 1002 1989 Dei,
1034 1911 1146 1979 Gener.
1169 1915 1226 1990 lx,
1256 1913 1352 1990 dicit,
1373 1913 1463 1997 quad
1499 1914 1581 1980 neu

444 2037 499 2097 noc
527 2034 664 2112 siqnum,
687 2032 936 2114 quotiescunque
956 2032 1085 2112 pluerit,
1104 2033 1269 2112 positurus
1291 2033 1332 2094 tit
1357 2032 1396 2094 in
1419 2031 1579 2102 nabitu,

445 2153 479 2214 in
506 2152 688 2216 memoriam
709 2152 791 2223 sibi,
827 2160 854 2212 et
889 2151 1087 2213 securitatem
1111 2125 1220 2225 nobis,
1242 2148 1326 2232 quoa
1352 2166 1419 2214 non
1442 2150 1578 2231 auspiius

445 2280 561 2335 terram
582 2271 684 2352 aquiis
708 2269 817 2333 diluuii
839 2269 955 2332 centii.
975 2266 1096 2350 Siquis
1117 2275 1244 2352 propter
1266 2270 1354 2332 nnnc
1377 2276 1499 2334 tratum
1521 2287 1580 2332 ne-

443 2400 531 2470 qaret
546 2388 781 2471 pitqsioicqiam
798 2387 915 2461 seiont,
932 2404 971 2450 nc
985 2387 1070 2468 [crte
1083 2387 1151 2462 soii,
1162 2403 1227 2451 non
1240 2384 1317 2464 Dec,
1332 2386 1393 2452 iris
1409 2387 1581 2461 tribuatur,

443 2510 470 2571 is
492 2508 632 2572 insanire
664 2507 809 2570 videatur
841 2514 870 2568 et
905 2502 1087 2586 Scripturas
1113 2505 1273 2586 iqnorarc.
1301 2501 1467 2590 Ουίοᾳυὶἀ
1487 2506 1581 2569 Αοιιιίιι

444 2626 519 2707 facit
545 2631 674 2698 natura,
693 2630 738 2687 est
752 2641 829 2704 opus
855 2620 1077 2688 Deiltenim
1098 2625 1168 2704 ipsa
1189 2631 1234 2687 ert
1255 2624 1307 2690 ico
1328 2632 1359 2687 ct
1377 2631 1581 2707 praeceptum

446 2743 598 2816 diuinum,
613 2749 649 2804 ut
662 2741 774 2821 probat
787 2740 1025 2822 Chrysastomus
1043 2749 1073 2805 et
1091 2739 1277 2811 Ambrosius
1290 2743 1328 2806 in
1342 2743 1523 2810 memes.
1545 2740 1582 2805 Si

445 2875 517 2938 erqo
540 2856 625 2921 Deus
645 2857 740 2920 salem
761 2856 878 2921 dicitur
899 2859 1015 2930 sistere,
1039 2877 1079 2921 nr
1099 2866 1264 2924 maneatur
1276 2861 1313 2924 in
1327 2858 1435 2933 iarun
1453 2859 1511 2940 qui
1529 2857 1582 2920 de-

446 2977 545 3042 ciarat
567 2951 622 3040 icoc
645 2978 714 3060 fieri
733 2994 791 3057 per
810 2973 987 3058 qqratio'nis
1013 2978 1132 3042 trituris
1151 2978 1390 3059 [sanationem
1413 2995 1478 3041 nan
1499 2975 1581 3039 toiiit

449 3093 660 3169 miraeuium,
682 3093 736 3158 sed
758 3093 918 3166 declarat:
939 3095 1034 3158 sicuti
1056 3114 1121 3160 non
1144 3094 1223 3161 tniiit
1247 3095 1398 3161 iridemu
1420 3092 1486 3157 [ico
1508 3093 1581 3175 fieri

444 3212 658 3294 pnpsioiaqus‚
681 3212 733 3276 sed
754 3212 905 3287 declarat,
927 3213 1080 3293 quamodo
1101 3218 1158 3295 fiat
1180 3232 1201 3277 a
1226 3212 1306 3290 Dea,
1325 3212 1437 3295 quiitut
1451 3211 1581 3274 instru-

448 3332 579 3404 mentis,
604 3342 631 3392 et
655 3342 773 3394 natura
797 3344 824 3394 et
848 3335 978 3396 ratione.

874 3571 924 3631 Ad
948 3572 1140 3649 Septimum.

538 3803 590 3866 Ad
612 3807 774 3886 septimum
790 3806 879 3884 facite
895 3806 1106 3886 respondetur.
1128 3805 1248 3870 Debara
1267 3808 1350 3870 enim
1367 3815 1396 3870 et
1412 3807 1515 3872 ludas
1539 3810 1578 3870 io-

448 3930 592 4000 quuutur
604 3921 638 3984 de
650 3940 747 3984 cursu
759 3930 787 3983 et
799 3939 902 3985 errore
915 3922 1126 4003 planetarum,
1139 3942 1202 3988 non
1213 3925 1518 3995 amniumsiderum,
1527 3927 1578 4005 qui

450 4057 512 4101 non
535 4041 657 4101 suntin
673 4039 754 4102 cacia
769 4041 862 4102 sicuti
881 4041 980 4104 nodus
997 4043 1032 4103 in
1048 4043 1169 4118 tabula,
1185 4051 1220 4106 ut
1233 4043 1366 4124 putabat
1382 4042 1575 4112 Aristoteles,

448 4155 501 4216 sed
514 4173 570 4234 per
585 4173 617 4216 se
633 4166 808 4231 moventur,
823 4167 859 4219 ut
875 4157 1026 4238 Maqistcr
1042 4160 1270 4223 sententiarum
1295 4168 1323 4221 et
1344 4170 1453 4241 patres
1476 4176 1573 4225 amnes

448 4291 520 4334 cum
535 4270 715 4353 Auqustina
726 4278 875 4339 sentiunt.
892 4276 936 4339 Et
957 4275 997 4338 D.
1014 4276 1044 4338 Τ
1042 4279 1159 4354 hamat,
1180 4275 1218 4353 Q.
1235 4280 1333 4354 Lxx,
1345 4288 1410 4343 ari.
1429 4282 1459 4352 1,
1476 4278 1575 4342 Ptoio-

451 4407 539 4452 muca
570 4393 674 4470 potius
701 4395 854 4456 consentit
876 4413 972 4475 quam
996 4394 1224 4471 Aristotelian
1250 4394 1407 4477 Citrqscst.
1424 4397 1579 4461 autorita-

450 4515 518 4579 tem,
542 4508 626 4588 quoa
647 4527 712 4572 non
734 4511 796 4573 sint
820 4521 855 4575 ut
879 4512 978 4576 nodus
1002 4515 1036 4575 in
1063 4515 1179 4590 tabula,
1197 4523 1234 4578 ut
1249 4532 1353 4580 amnes
1377 4514 1580 4597 Pytnaqarici

449 4643 519 4687 cum
543 4645 577 4689 eo
600 4628 754 4692 dicebant:
779 4632 833 4693 ubi
855 4634 948 4695 etiarn
972 4643 1087 4707 manet,
1111 4634 1194 4715 quad
1215 4635 1408 4716 firmamenti
1427 4652 1507 4717 pars
1530 4634 1580 4694 in-

449 4741 546 4816 ferior
562 4746 611 4815 sit,
629 4747 660 4808 in
678 4768 739 4828 quc
756 4750 897 4828 ptcncue
912 4753 1063 4816 dicuntur
1077 4755 1202 4824 tnaneri,
1224 4771 1287 4817 non
1303 4761 1412 4817 autem
1430 4753 1581 4835 superior.
