4109 5934
816 772 1231 822 ruarrrrcarronus
1534 755 1593 817 tlt

447 907 542 973 mlsaa
554 907 612 971 luit
624 906 711 970 circa
731 905 854 968 initium
874 903 1060 980 Ileoembris,
1074 905 1124 967 cui
1138 905 1270 969 retertur
1290 905 1403 968 delatio
1415 905 1453 967 de
1467 920 1528 984 qua
1549 904 1604 965 Ge

448 1010 527 1083 sius,
546 1008 601 1088 qui
621 1008 723 1088 ipaam
743 1005 869 1086 recepit,
890 1005 1036 1084 loquitur.

506 1105 627 1181 Quibus
639 1106 761 1188 positis,
775 1122 876 1168 nonne
891 1103 1048 1167 Galilaous
1061 1104 1181 1167 ridetur
1197 1107 1331 1186 seipsum
1345 1111 1410 1168 tam
1425 1105 1511 1186 gravi
1526 1123 1601 1168 cura

445 1208 573 1270 omnino
585 1207 737 1282 solutum,
749 1205 799 1267 (lie
812 1203 832 1264 5
846 1204 1020 1268 beccmbris
1035 1205 1074 1266 ad
1086 1202 1320 1268 Observationes
1331 1204 1538 1267 liedicearum
1549 1206 1604 1266 ite·

446 1323 515 1369 rum
531 1305 713 1381 contulisse,
726 1321 820 1384 quae,
834 1303 1009 1384 supradicta
1022 1302 1088 1378 die,
1108 1305 1175 1368 sine
1196 1305 1417 1385 interruptione
1433 1302 1604 1385 incipiunt?

938 1515 1115 1546 -ιᾱρ-ι-

802 1713 1135 1781 losrrrrcarro
1172 1714 1240 1781 VH.

676 1920 837 1983 (bellclentia
855 1920 921 1970 aule
938 1924 1051 1984 tuaque
1066 1919 1098 1970 atl
1113 1923 1145 1969 10
1158 1920 1273 1971 Ianuarii
1290 1922 1364 1980 tutu)

525 2099 627 2184 liuius
651 2101 831 2165 deboentiue
853 2104 933 2166 ratio
957 2105 1105 2183 praebent
1130 2103 1191 2166 duo
1217 2105 1374 2182 sequentia
1399 2102 1599 2182 epistolarum

448 2201 619 2283 fragmenta
640 2202 788 2283 principis
801 2200 892 2275 Casii,
905 2202 1017 2282 quibus
1034 2203 1189 2282 colligitur
1199 2203 1354 2281 quomodo
1371 2200 1526 2263 Galilacus
1540 2201 1601 2262 illis

445 2300 552 2364 (liebus
562 2300 676 2362 iterum
688 2300 720 2362 in
731 2298 937 2362 infirmitatem
950 2300 1105 2362 inciderit:
1120 2299 1489 2372 t·cstdiei181annarii,
1506 2306 1536 2360 et
1556 2301 1602 2359 in-

446 2400 535 2480 cipit:
553 2398 680 2463 «llum
692 2399 772 2462 della
790 2417 846 2463 sua
863 2401 970 2463 lettera
991 2403 1034 2463 mi
1050 2402 1089 2463 ba
1106 2408 1243 2463 artenaio
1264 2400 1358 2462 molto
1372 2400 1520 2479 travaglio
1534 2417 1602 2460 sen-

452 2520 469 2556 a
491 2500 583 2563 teudo
602 2517 659 2563 oon
678 2500 797 2563 infinito
817 2501 986 2582 displacere
1011 2501 1271 2581 l’indisposizione
1297 2499 1555 2580 sopraggiuntali;
1583 2518 1600 2559 o

367 2586 372 2594 ’
452 2619 469 2656 a
490 2598 661 2662 sebbeuela
672 2618 835 2680 speranza,
850 2603 872 2664 il
886 2602 1050 2677 desiderio,
1063 2621 1080 2664 c
1094 2603 1104 2664 i
1119 2602 1237 2683 priegbi
1258 2603 1315 2664 cbe
1335 2603 1380 2664 sia
1395 2620 1449 2681 per
1466 2606 1602 2663 restarnc

450 2719 467 2756 a
489 2697 527 2760 V.
543 2697 683 2779 &presto
697 2702 793 2765 libera
814 2720 832 2764 e
851 2709 994 2765 toruame
1015 2703 1111 2767 iresca
1132 2704 1186 2765 alli
1206 2705 1273 2766 suoi
1293 2704 1373 2766 studi
1394 2703 1548 2765 utilissimi
1571 2703 1600 2763 al

448 2822 465 2858 a
487 2806 592 2863 nostro
611 2803 713 2864 seooio
732 2803 917 2884 m'acquieta
932 2806 964 2866 in
978 2811 1077 2884 parte,
1089 2823 1147 2884 pur
1163 2805 1262 2867 vorrei
1281 2810 1382 2883 presto
1401 2803 1540 2874 sentirlo,
1561 2804 1600 2862 ni
1646 2818 1656 2831 ⁸

447 2921 463 2958 a
484 2918 585 2980 posse,
596 2899 697 2964 unche
716 2918 777 2966 non
791 2905 1094 2985 l'odo,quietarmi.n
1115 2905 1222 2986 (MSS.
1238 2906 1403 2978 Gol.‚Por.
1422 2905 1475 2978 VI,
1492 2905 1526 2965 T.
1541 2905 1599 2976 IX,

446 2999 491 3061 ele
503 3000 563 3082 12).
575 3001 610 3062 Ξ·
623 3008 670 3066 est
678 3002 719 3063 bo
731 3002 791 3066 diei
801 3003 951 3078 Januarii,
962 3013 991 3068 et
1002 3006 1186 3069 mentionem
1197 3006 1270 3069 tacit
1279 3007 1434 3086 quomodo
1446 3005 1601 3068 Galilaeus

444 3102 607 3164 convalere
616 3103 930 3183 oqriaseteircatliem
941 3107 981 3167 20
993 3107 1089 3186 ipsius
1106 3107 1234 3169 mensis:
1246 3128 1263 3165 a
1275 3106 1319 3169 La
1334 3123 1390 3170 sua
1403 3105 1474 3167 delli
1492 3106 1528 3165 21
1549 3105 1601 3166 del

445 3222 462 3258 a
483 3208 621 3282 presente
635 3204 677 3266 ba
692 3204 857 3286 rallegrato
870 3224 919 3268 me
932 3207 1001 3286 egli
1017 3207 1086 3268 altri
1098 3206 1202 3269 binoei
1217 3206 1288 3269 tuor
1301 3207 1331 3267 ut
1344 3206 1451 3278 modo,
1466 3204 1584 3266 liberan
1599 3240 1601 3245 .

447 3324 464 3360 a
485 3303 554 3366 uoci
573 3304 626 3368 rial
646 3304 766 3382 dolore,
785 3307 843 3369 cbo
863 3306 944 3369 daila
966 3307 1145 3386 precedente
1166 3306 1269 3369 m’era
1282 3311 1360 3370 stato
1380 3311 1526 3369 arrecato
1551 3304 1600 3366 Sia

405 3419 407 3422 ·
446 3427 464 3464 α
485 3406 591 3471 ioiato
607 3406 667 3471 bio
685 3409 743 3472 ebe
762 3407 800 3470 V.
820 3407 850 3468 S.
872 3408 925 3471 s’e
943 3407 1073 3470 liberata
1084 3408 1166 3469 dalla
1188 3407 1272 3470 tebre
1290 3407 1436 3481 edolori,
1452 3405 1604 3487 sperando

448 3529 463 3566 a
485 3506 687 3573 rinlranearsi
708 3525 796 3573 oome
812 3508 1024 3572 desideriamo.
1042 3528 1056 3566 r
1073 3506 1139 3587 (iu.
1159 3506 1241 3581 iliu,
1260 3506 1306 3567 el.
1324 3506 1378 3585 ti)

936 3749 1116 3779 -Φ-

792 3914 1127 3978 lusrrrrcarro
1152 3911 1233 3977 Vlll.

579 4115 757 4177 (Meientiae
773 4134 787 4169 a
809 4120 849 4169 alie
866 4125 893 4171 ³¹
910 4122 1026 4172 ianuarii
1046 4133 1127 4185 usque
1147 4120 1179 4170 nl
1197 4124 1225 4169 tr
1240 4118 1372 4169 Februarii
1392 4121 1471 4180 1613)

523 4296 610 4363 llaec
623 4300 716 4364 etiam
733 4302 772 4365 ob
788 4304 922 4366 auctoris
932 4303 1141 4365 infirmitatem
1155 4302 1308 4364 intercidit
1320 4301 1489 4362 deficentia.
1501 4298 1601 4363 Habe-

441 4420 514 4467 mur
543 4422 563 4468 a
591 4402 692 4478 Casio,
711 4404 761 4468 (lie
791 4404 811 4465 8
841 4403 1012 4479 Februarii,
1033 4405 1065 4465 in
1095 4421 1150 4466 sua
1180 4403 1307 4482 epistola
1340 4401 1378 4463 ad
1408 4401 1598 4462 Galilacum:

443 4504 589 4587 a'l'engo
618 4505 651 4567 la
675 4521 733 4567 sua
758 4505 865 4578 breve,
895 4503 1068 4566 dolendomi
1095 4503 1401 4589 grandissimamente
1432 4500 1513 4562 della
1544 4518 1599 4564 sna

442 4604 721 4686 «indispositione
749 4605 866 4679 colica,
896 4621 914 4665 e
943 4601 1094 4682 sperando
1125 4619 1143 4664 a
1166 4601 1317 4681 quest’ora
1340 4619 1379 4663 ne
1399 4602 1496 4664 debba
1516 4618 1600 4664 esser
1641 4593 1643 4597 ’

441 4726 459 4764 a
480 4704 594 4781 libero,
614 4704 646 4769 (il
672 4704 730 4767 ube
755 4712 802 4769 sto
832 4704 1010 4785 aspettando
1041 4720 1142 4767 nuova
1165 4722 1223 4766 eon
1248 4703 1453 4783 grandissimo
1483 4704 1599 4769 deside-

443 4828 460 4864 «
481 4804 532 4869 rio
532 4848 690 4868 ......
712 4804 814 4871 blandi
831 4813 946 4888 quanto
965 4805 1066 4886 prima
1089 4806 1119 4871 la
1134 4807 1329 4872 oostiturioue
1350 4806 1430 4870 delle
1449 4805 1600 4879 berrue,
