4109 5934
678 749 871 797 setcmeaton
896 749 939 796 ax
961 749 1174 796 aeormseome
1198 748 1334 798 asciam
1511 737 1574 802 621

442 882 524 944 inter
545 881 767 961 repressionem
792 888 820 942 et
843 880 1078 959 refractionem:
1095 897 1231 961 qnorum
1248 890 1417 963 utramque
1437 899 1577 948 commu·

441 1000 523 1061 niter
544 998 657 1062 dicitnr
680 998 817 1079 retleaio.
841 995 885 1059 Bt
907 998 996 1077 prins
1019 997 1142 1079 quidem
1167 997 1321 1062 ludicrum
1341 1017 1399 1080 per
1415 1017 1579 1081 repersus-

442 1118 560 1178 sionem
583 1116 706 1179 eaistit:
729 1122 761 1177 at
784 1114 887 1177 cauda
910 1114 976 1176 neri
1001 1113 1143 1178 Cametas
1166 1115 1200 1178 in
1223 1116 1278 1180 loe
1296 1115 1367 1196 jora
1390 1136 1411 1179 a
1434 1135 1481 1179 me
1497 1125 1578 1181 tacto

441 1235 615 1314 optinorum
639 1231 714 1302 loca,
737 1231 870 1312 pnpitur
891 1230 1026 1311 tamari
1045 1248 1102 1310 per
1124 1230 1275 1311 retractos
1297 1232 1332 1293 in
1353 1231 1503 1312 pellucido
1518 1231 1580 1298 Co-

441 1359 541 1413 matae
563 1351 661 1430 eapite
684 1347 766 1413 Solis
788 1348 901 1412 radios.
930 1346 1016 1410 Haeo
1041 1356 1121 1410 recte
1146 1343 1285 1413 Galilaea
1307 1350 1425 1413 dicitur
1446 1350 1578 1431 opinio:

443 1486 542 1549 neque
566 1485 621 1546 epo
643 1467 727 1530 illam
749 1466 807 1529 suo
825 1465 891 1529 alio
915 1464 1004 1529 titulo
1026 1465 1070 1529 ili
1094 1466 1151 1530 loci
1167 1467 1332 1548 proposui:
1347 1467 1459 1548 quippe
1482 1485 1578 1548 quarn

443 1587 549 1649 statim
570 1603 701 1648 rursum
722 1585 851 1660 aboleni,
867 1583 1038 1663 subjuncta
1056 1584 1170 1648 oeriori
1186 1587 1350 1649 sententia.
1376 1584 1580 1650 Consideravi

444 1722 589 1786 namque,
613 1705 641 1767 si
664 1703 767 1767 cauda
792 1702 933 1766 Cametas
952 1717 1011 1782 per
1035 1701 1126 1765 talem
1140 1703 1362 1784 retractionem
1375 1704 1580 1785 formaretur,

443 1832 581 1903 oportere
601 1830 671 1903 post
694 1829 786 1902 caput
811 1820 953 1885 Comatae
976 1821 1141 1883 materiam
1164 1839 1227 1883 esse
1261 1821 1435 1886 densiorem
1458 1821 1580 1904 reliqua

443 1941 490 2003 cel
512 1958 595 2004 aura
617 1939 664 2002 oet
686 1940 819 2015 aetlere,
844 1939 940 2002 veluti
963 1939 1124 2012 nebulam:
1145 1956 1216 2003 sum
1238 1939 1323 2003 radii
1346 1936 1478 2003 Salisio
1497 1957 1581 2021 puro

444 2067 471 2121 el
487 2057 565 2121 sada
582 2059 704 2121 aetnere
720 2076 783 2122 non
799 2057 1004 2128 adhaereant,
1019 2057 1072 2120 sed
1088 2067 1251 2121 transeant
1267 2058 1471 2138 inconspioui.
1498 2054 1580 2120 Tum

443 2185 548 2239 autem
570 2192 720 2257 perquam
739 2176 844 2256 inepta
860 2175 959 2256 {uerit
978 2175 1159 2256 lsap‘usmodi
1177 2176 1321 2247 noterio,
1341 2182 1581 2256 repraesentan-

445 2293 502 2357 dae
525 2301 553 2355 et
577 2293 742 2374 deflexioni
764 2302 792 2356 ct
814 2294 1032 2358 incarnationi
1064 2293 1192 2357 caudae.
1231 2290 1352 2368 Quibus
1385 2292 1581 2374 orpumentis

443 2407 595 2490 effectum,
618 2418 653 2471 ut
678 2411 752 2472 liaeo
775 2427 843 2472 mea
866 2409 980 2490 opinio,
1004 2418 1081 2473 esset
1104 2429 1168 2473 non
1190 2427 1277 2486 mea,
1300 2409 1354 2473 sed
1372 2418 1578 2491 exponeretur

445 2526 478 2587 in
500 2526 566 2606 ipso
588 2533 662 2590 ortu
685 2535 713 2589 et
735 2527 944 2601 abdicaretur,
964 2527 1111 2609 adoptata
1125 2528 1295 2601 contraria,
1314 2545 1410 2611 quam
1428 2529 1580 2591 hactenus

446 2659 474 2712 et
494 2667 646 2730 promea
669 2668 804 2730 agnosca
827 2659 856 2713 et
874 2650 986 2722 educo:
1007 2667 1089 2730 quae
1115 2647 1255 2713 Cametas
1279 2657 1342 2712 tam
1364 2650 1461 2730 ipsos,
1485 2666 1582 2730 quam

447 2785 554 2831 eorum
579 2768 692 2832 barbas
715 2769 814 2832 crines
838 2767 885 2831 oei
906 2767 1010 2831 radios
1033 2783 1162 2846 corpora
1189 2766 1321 2837 statuit,
1356 2765 1519 2828 densitatis
1552 2774 1583 2828 st

446 2887 588 2950 raritatis
610 2885 757 2966 aradibus
773 2895 801 2949 et
817 2888 899 2950 inter
914 2904 945 2950 se
961 2896 988 2949 et
1005 2887 1044 2949 ab
1062 2886 1196 2949 aetlseris
1213 2885 1386 2965 purissima
1401 2883 1581 2948 substantia

446 3002 641 3086 differentia:
662 3014 757 3085 caput
781 3004 927 3086 quidem,
950 3003 1047 3066 ueluti
1070 3002 1215 3066 nedumm
1238 3001 1474 3081 complanatam,
1498 3016 1580 3081 aua·

446 3122 610 3185 danstanus
629 3121 832 3203 pellucidam:
852 3139 961 3203 sprma
983 3138 1057 3184 oero
1080 3119 1158 3183 iilud
1179 3137 1235 3183 seu
1257 3136 1398 3191 emnam,
1421 3117 1580 3197 omnnium

448 3256 488 3302 eu
512 3239 623 3320 capite,
643 3256 699 3320 per
721 3238 824 3303 radios
848 3235 929 3302 Solis
951 3237 1116 3318 expulsum
1140 3238 1175 3298 in
1196 3237 1322 3318 plapam
1344 3236 1525 3317 oppositam,
1548 3234 1583 3297 in

447 3357 538 3437 cnjus
561 3356 741 3439 effusionem
765 3356 948 3420 continuam
971 3363 1065 3435 caput
1087 3356 1189 3435 ipsum
1206 3354 1339 3436 denique
1357 3355 1540 3418 insumatur
1556 3359 1584 3417 rt

452 3486 676 3548 consumatur:
692 3484 726 3538 ut
740 3477 780 3538 sit
800 3473 903 3538 cauda
918 3473 1011 3536 veluti
1027 3489 1110 3536 mors
1128 3473 1248 3552 capitis.

539 3594 591 3658 11.
617 3592 686 3658 Fal.
706 3593 810 3658 eodem
831 3593 1019 3674 reseruntur
1043 3592 1137 3655 aerbo
1160 3587 1287 3665 Sarsii,
1310 3589 1345 3651 in
1368 3589 1483 3670 quibus
1506 3590 1586 3654 aiter

448 3710 529 3774 locus
550 3711 724 3790 optinorum
746 3729 886 3775 meorum
909 3711 945 3774 de
968 3718 1056 3774 motu
1076 3727 1151 3772 nero
1168 3707 1313 3771 Cametas
1329 3706 1501 3770 ementitur.
1524 3705 1584 3770 Li·

446 3837 511 3891 oeat
528 3829 626 3908 ipisus·
643 3838 672 3890 et
688 3829 764 3891 milti
780 3829 874 3892 neria
890 3825 993 3892 Sarsit
1007 3827 1144 3890 vicissim
1162 3833 1321 3891 excutere.
1343 3821 1433 3889 Sars.
1457 3823 1592 3921 Quam-l

448 3947 499 4009 vis
520 3947 681 4028 Keplerus
704 3953 832 4012 motum
856 3948 1011 4013 Comatae
1046 3963 1103 4028 pes
1136 3945 1242 4009 lineas
1277 3950 1385 4008 rectas
1420 3941 1586 4024 explicare

447 4063 638 4141 contendam
662 4066 745 4130 vidit
767 4071 900 4141 tameo,
935 4066 969 4128 io
992 4082 1076 4146 quas
1105 4082 1140 4128 se
1172 4061 1386 4128 difficultates
1422 4061 1584 4125 indueret.

447 4178 567 4262 Kepler.
601 4181 712 4248 Prima
735 4202 772 4247 ea
793 4185 854 4264 suit
876 4183 1035 4264 conceptio
1059 4181 1257 4263 trajectoriae
1280 4181 1478 4252 rectilineae,
1501 4193 1585 4240 non·

447 4299 522 4363 dum
545 4302 671 4364 tentatis
695 4302 843 4365 numeris.
868 4299 1041 4365 Prudentis
1065 4307 1152 4373 erat,
1184 4299 1383 4364 cantionibus
1419 4296 1585 4361 verborum

448 4416 612 4492 mittitis,
636 4419 680 4483 sic
702 4419 831 4484 induere
854 4437 902 4482 me
926 4419 1045 4501 aeneis
1067 4418 1253 4493 enuntiati,
1284 4426 1320 4480 ut
1352 4424 1456 4480 tannen
1490 4414 1586 4478 etiam

450 4536 605 4600 extricare
627 4554 676 4599 me
699 4553 829 4600 rursum
847 4553 981 4617 possem.
1016 4535 1220 4618 Difficultates
1252 4553 1318 4600 non
1351 4530 1589 4607 statement

453 4651 606 4730 timebam
623 4654 650 4717 si
665 4664 785 4718 malurn
803 4655 838 4717 in
854 4664 939 4718 recto
957 4656 1137 4718 statuissem
1156 4653 1358 4737 aequalitem.

539 4767 629 4835 Sars.
653 4771 763 4850 Quare
786 4789 892 4854 neque
915 4770 957 4835 ad
980 4776 1103 4836 terram
1120 4770 1423 4852 perpendicularem
1439 4786 1509 4835 esse
1527 4787 1589 4834 va·
