4109 5934
439 740 505 805 tat
826 753 1023 799 ntssrssrnrsu
1048 753 1182 799 xercent

440 884 526 947 ducit
550 883 627 966 (uti
650 884 773 964 quidem
796 893 914 965 tempus
938 891 1030 958 erat,
1053 900 1125 945 cum
1148 885 1352 961 ipncraretur
1374 882 1578 963 ptsnemrus·

441 1022 461 1065 a
484 1003 556 1084 fiais
580 1002 758 1072 discrimen,
783 1010 812 1065 et
833 1020 903 1066 sera
924 1001 1093 1065 admodum
1111 1018 1132 1064 a
1148 999 1334 1081 Pptttupcra
1349 1000 1415 1063 siae
1440 999 1582 1065 Parme·

441 1120 511 1182 nide
529 1119 793 1192 animaduersum,
815 1119 947 1183 eandm
969 1136 1033 1184 esse
1058 1118 1223 1200 Vesperum
1240 1127 1269 1181 et
1288 1117 1500 1201 Luciferums
1525 1138 1580 1183 nec

442 1237 477 1297 in
500 1232 606 1305 Mose.
628 1233 723 1306 iube,
746 1245 804 1297 ant
831 1234 962 1298 Psalmis
985 1234 1051 1298 ulla
1074 1237 1190 1298 mentia
1208 1235 1416 1316 planetarum
1429 1235 1471 1318 ).·
1503 1252 1578 1316 per·

438 1352 554 1433 pendat
570 1353 679 1431 ipitun
695 1360 725 1414 et
744 1352 970 1433 quadammodo
993 1353 1164 1433 respiciats
1184 1370 1347 1435 quousque
1372 1370 1578 1434 mcpressum

442 1470 482 1533 sit
506 1471 540 1532 in
563 1471 739 1549 counitione
764 1479 910 1541 naturae,
930 1478 1087 1552 quantum
1110 1482 1224 1535 restet:
1249 1481 1278 1533 et
1302 1471 1379 1552 quid
1399 1487 1499 1551 parra
1520 1490 1579 1535 en-

442 1587 629 1669 pectandum
652 1589 693 1650 sit
716 1590 902 1653 numinibus.

532 1703 595 1768 Sed
610 1705 654 1767 ad
671 1705 853 1770 humiliares
869 1707 1072 1786 capitatianes
1090 1707 1268 1777 redeamus.
1284 1716 1312 1769 et
1331 1707 1418 1789 quud
1436 1715 1577 1788 caeptum

443 1824 650 1888 abseluamus.
673 1821 711 1887 Si
733 1826 816 1887 enim
837 1835 978 1905 qstatncr
1000 1827 1146 1906 ptanetce
1166 1825 1274 1891 danem
1296 1826 1579 1890 circumcursitant

445 1941 623 2023 disparibus
647 1942 820 2005 interuallis
853 1952 882 2005 et
917 1945 1130 2024 temporibus:
1158 1944 1328 2024 quaeritur
1351 1944 1406 2007 cui
1430 1943 1531 2016 darn,
1553 1945 1581 2005 si

446 2058 527 2122 uuiti
549 2069 624 2123 sunt
646 2062 680 2123 in
702 2060 789 2125 quis
812 2060 920 2141 piaco,
944 2064 1001 2144 qui
1023 2061 1248 2126 admirandam
1280 2062 1363 2125 nanc
1394 2066 1581 2125 uarietatem

401 2173 403 2177 ’
446 2177 511 2238 suis
536 2169 643 2241 nutent
658 2178 772 2243 ucuiisi
788 2178 870 2244 Nam
894 2181 977 2262 quad
1000 2198 1056 2244 nce
1073 2182 1108 2242 in
1135 2181 1192 2244 iac
1216 2188 1303 2243 terra
1323 2181 1456 2252 attinet.
1478 2180 1580 2243 nescia

445 2293 559 2374 quibus
577 2294 756 2359 rationibus
779 2296 849 2378 quis
872 2297 950 2358 mitti
971 2293 1172 2376 persuadeat,
1193 2302 1229 2357 ut
1251 2292 1318 2357 iiim
1341 2293 1433 2357 nabit
1454 2292 1582 2374 putissi-

444 2427 531 2472 mum
553 2411 670 2473 servire
692 2410 839 2487 credam,
861 2414 919 2493 qui
943 2412 1011 2476 iilos
1034 2428 1203 2493 nunquam
1224 2411 1460 2499 conspicimus:
1482 2426 1581 2491 neque

444 2534 488 2588 est
510 2527 749 2606 expectandum,
772 2536 808 2590 ut
830 2531 894 2590 tuis
918 2525 1054 2599 Gaiiiaee
1071 2526 1252 2592 ocularibus
1269 2525 1413 2590 uniuersi
1434 2528 1583 2589 instructi

445 2644 511 2705 ilias
536 2660 631 2723 parre
653 2644 747 2725 culpa
768 2647 965 2710 carnuntum·
985 2647 1096 2710 simus.

541 2754 612 2834 Qua
640 2760 705 2824 iace
722 2770 893 2844 opportune
916 2763 1145 2827 occurrendum
1165 2762 1244 2827 duca
1264 2762 1361 2826 etiam
1381 2763 1441 2829 aiii
1461 2762 1585 2826 eandam

446 2881 631 2960 suspicioni.
663 2877 774 2958 Erunt
796 2882 889 2956 enim,
913 2880 1027 2961 quibus
1049 2899 1136 2946 nana
1158 2881 1306 2945 rideatur
1326 2878 1502 2960 mndata
1524 2897 1582 2943 na-

445 3004 514 3060 stra
535 2998 702 3069 terrestris,
726 3013 783 3059 seu
805 2981 840 3059 ut
859 2995 1070 3077 pniiascpiice
1089 2997 1202 3070 dicem,
1218 2996 1365 3061 munina
1387 2995 1427 3060 de
1448 2994 1582 3075 aspecti-

446 3115 527 3185 buss
548 3131 622 3178 cuns
644 3129 812 3177 numerum
832 3111 1037 3194 planetarum
1059 3122 1199 3194 aspectas
1223 3113 1412 3194 facientium
1432 3111 1473 3177 ad
1495 3111 1581 3175 iane

446 3248 545 3315 usque
568 3233 647 3294 diem
670 3231 931 3311 ipnorauerimus.
962 3230 1075 3295 Verum
1091 3231 1116 3294 ii
1132 3232 1259 3311 trustra
1280 3240 1367 3305 sunt,
1390 3240 1482 3295 astra
1499 3229 1581 3293 enim

446 3352 479 3412 in
502 3368 558 3413 nes
581 3359 684 3430 apunt
706 3353 744 3412 iis
768 3351 922 3425 modulis,
946 3352 1060 3432 quibus
1084 3368 1192 3414 eurum
1226 3360 1328 3414 matus
1358 3367 1423 3413 sese
1446 3349 1496 3412 itis
1520 3357 1579 3410 ter·

446 3470 491 3531 ris
514 3471 691 3534 insinuant.
718 3469 778 3531 Per
801 3482 943 3551 aspectas
967 3473 1050 3533 enim
1073 3480 1197 3550 upum:
1219 3480 1253 3533 at
1275 3477 1420 3550 aspectus
1451 3467 1578 3550 affectu

446 3597 489 3650 est
512 3588 622 3667 anpuii
646 3590 680 3650 in
703 3597 812 3651 centro
834 3599 937 3652 terrae
961 3586 1009 3651 uei
1026 3589 1119 3652 ccuii.
1143 3585 1265 3652 Scilicet
1289 3605 1352 3652 nan
1376 3588 1448 3667 ipsa
1472 3587 1508 3648 in
1532 3602 1581 3648 nas

445 3713 558 3783 apunt.
581 3706 634 3768 sed
656 3717 800 3786 aspectus
824 3724 933 3769 earum
956 3710 1037 3787 fiunt
1060 3707 1213 3786 objectum
1243 3713 1273 3768 et
1303 3705 1453 3768 stimulus
1481 3701 1581 3783 saeui·

336 3852 337 3855 π
447 3830 548 3886 tatum
571 3824 767 3886 terrestrium
791 3826 911 3885 ratione
932 3824 1196 3903 participantium
1211 3824 1294 3885 citra
1310 3821 1503 3891 discursum.
1524 3817 1581 3883 mic

448 3942 611 4004 instinctu.

534 4058 607 4122 Jarn
630 4076 702 4122 vera
726 4067 864 4140 quatuor
887 4059 978 4131 iiiut
1001 4078 1042 4122 ea
1065 4061 1128 4123 tuis
1154 4055 1294 4124 Gaiiiaee
1312 4057 1580 4122 oteemertcnuu

442 4188 540 4259 patet,
564 4190 591 4241 et
614 4181 742 4241 minimi
764 4188 862 4253 sunt,
886 4188 914 4240 et
939 4197 1115 4261 numquam
1138 4198 1159 4243 a
1181 4179 1260 4243 Jove
1284 4176 1371 4241 uitra
1398 4178 1440 4242 ld
1463 4177 1582 4241 minuta

447 4296 687 4376 diprediuntur.
723 4303 758 4358 ut
793 4305 876 4359 totus
900 4297 1010 4359 eutimi
1031 4297 1176 4376 pianetue
1200 4297 1284 4361 orbis
1307 4295 1414 4360 minor
1437 4295 1480 4358 sit
1502 4295 1582 4357 dues

449 4410 530 4477 Satis
552 4414 601 4477 uei
623 4412 743 4478 Lunae.
771 4411 879 4489 Quare
902 4427 937 4479 ut
961 4416 1027 4479 dem
1050 4416 1132 4497 ipsus
1156 4434 1221 4481 nan
1244 4414 1431 4495 impediente
1458 4412 1582 4476 minuta

450 4535 652 4615 quantitate,
677 4551 864 4599 concurrere
893 4551 948 4616 per
977 4544 1120 4615 depectus
1154 4533 1196 4596 nd
1231 4531 1398 4596 monendas
1420 4529 1582 4611 summm

448 4651 645 4727 sabianam,
670 4672 731 4716 non
755 4662 860 4717 tamen
883 4654 1017 4734 amptius
1036 4652 1113 4734 quid
1127 4659 1286 4731 poterunt,
1306 4665 1404 4730 quam
1425 4657 1459 4711 ut
1479 4655 1509 4710 et
1527 4642 1582 4725 ipsi

448 4780 596 4854 quatuor,
619 4784 646 4835 et
669 4773 792 4854 Jupiter
816 4782 958 4838 centrum
982 4772 1215 4837 curricuiorum
1235 4787 1353 4841 eorum,
1365 4768 1507 4847 junctim
1531 4781 1581 4827 ae·
