4109 5934
827 773 857 818 m
880 774 1012 819 sanctus
1042 775 1196 823 smsrsau
1513 767 1577 829 tlt

444 902 555 983 petto,
577 910 607 965 et
631 902 740 965 tabella
763 902 805 965 ad
829 901 929 965 mcum
952 903 1138 968 collectionis
1162 905 1326 969 radiorum
1355 909 1581 974 accomodatur.

443 1018 497 1084 Sic
518 1022 554 1085 in
572 1021 695 1102 pertica
721 1020 762 1084 12
781 1020 873 1101 pedes
897 1021 1004 1099 leupo,
1028 1019 1138 1085 Lunae
1151 1041 1262 1105 corpus
1284 1025 1504 1105 perfectissime
1528 1030 1582 1091 de-

440 1139 588 1219 pinpstur
623 1137 803 1219 quantitate
838 1145 978 1201 monetae
1018 1149 1185 1217 arpenlaee
1224 1140 1366 1220 majoris.
1400 1142 1581 1225 Artifioium

443 1255 654 1320 demcmtran·
672 1272 761 1335 prop.
786 1254 852 1327 23,
874 1254 927 1333 [al.
955 1255 1017 1319 196
1041 1264 1069 1317 et
1096 1255 1158 1319 211
1198 1253 1285 1318 Libri
1307 1259 1391 1328 mei,·
1412 1259 1579 1339 simplicius

444 1383 549 1450 tamen
569 1373 631 1454 {uit
650 1373 846 1454 propositum
868 1391 888 1436 a
914 1371 1012 1436 Porta
1031 1375 1136 1454 primo
1162 1374 1252 1438 titulo
1275 1391 1343 1456 cap.
1375 1375 1421 1438 VI
1441 1377 1476 1439 de
1492 1379 1581 1453 lente,

443 1509 515 1554 oum
537 1509 592 1572 epo
614 1491 650 1554 dc
672 1491 793 1571 intepro
815 1490 905 1570 plobo
929 1491 1220 1555 demonstraverim.

535 1607 721 1691 Pomanus,
747 1605 893 1684 Gallam,
914 1619 971 1672 tua
993 1619 1139 1672 excutere
1162 1611 1396 1690 phaenomenar
1413 1630 1488 1675 nam
1509 1633 1582 1676 cusu
1635 1649 1638 1658 ·

444 1736 546 1792 aetate
567 1724 677 1792 Lunae
698 1726 873 1807 auspicaris
897 1725 1061 1789 obseruata
1085 1735 1162 1801 tua,
1195 1727 1395 1808 primumque
1423 1729 1580 1803 ostendis,

445 1845 523 1929 pult
542 1843 751 1910 corniculatae
774 1843 850 1906 desit
874 1843 916 1907 ad
937 1842 1034 1907 ooalis
1059 1841 1156 1906 lineae
1186 1843 1417 1923 perfectionem.
1454 1843 1582 1910 Ooulem

446 1981 511 2029 esse
527 1965 656 2045 speciem
672 1962 782 2027 circuli
798 1961 1022 2026 illuminatoris
1040 1961 1252 2026 demonstrari
1266 1972 1398 2027 numera
1410 1963 1431 2028 8
1445 1964 1499 2044 tol.
1516 1964 1582 2029 ‘tm

445 2080 535 2159 Libri
555 2081 638 2145 mci:
662 2089 740 2143 terso
763 2080 863 2160 ipitur
886 2088 913 2142 et
936 2079 1029 2161 plane
1052 2080 1270 2143 mathematice
1293 2080 1440 2161 loqueris.

531 2198 575 2264 ln
597 2199 842 2264 consideratione
865 2200 1065 2263 macularum
1098 2217 1119 2261 a
1152 2207 1180 2260 tc
1208 2199 1348 2278 primum
1381 2201 1582 2265 animaduer-

444 2337 553 2385 sarum
574 2321 610 2383 in
629 2328 722 2400 parte
745 2317 855 2381 Lunae
879 2317 1004 2391 lucida,
1039 2320 1167 2382 omnino
1190 2322 1288 2398 optice
1316 2319 1508 2383 demonstras
1543 2341 1583 2383 ecc

444 2416 688 2502 illuminationis.
704 2437 836 2512 ratione,
858 2435 925 2499 illas
950 2455 1013 2499 esse
1032 2439 1181 2500 caritates
1205 2437 1330 2518 aliquas
1352 2455 1408 2498 seu
1426 2436 1583 2518 depressas

444 2558 574 2622 lacunas
596 2556 633 2618 in
655 2555 761 2619 lunari
783 2573 919 2638 corpore.
943 2552 1007 2618 Sed
1025 2556 1143 2620 excitas
1160 2556 1412 2636 disputationem,
1431 2555 1582 2636 quidnam

446 2675 513 2738 sint
534 2673 606 2739 illac
628 2682 693 2738 tam
714 2676 841 2740 crebrae
865 2673 975 2738 Lunae
998 2675 1138 2738 maculae
1151 2676 1251 2756 partis
1271 2675 1448 2756 antiquitus
1466 2674 1584 2737 lucidae

442 2800 584 2874 putatas.
611 2789 661 2856 Tu
682 2809 733 2858 ras
756 2811 828 2856 oum
850 2793 984 2856 uultibus
1018 2809 1182 2874 comparas
1219 2801 1343 2855 nostrae
1375 2789 1530 2865 Telluris,
1554 2803 1582 2855 et

447 2906 549 2986 [mcor
569 2923 634 2970 esse
656 2906 825 2971 nonnullas
849 2907 1031 2988 hujusmodi
1057 2907 1149 2971 ualles
1180 2909 1369 2988 praesertim
1404 2911 1439 2970 iu
1473 2905 1586 2990 Stpria

442 3026 619 3104 prouincia,
636 3027 735 3107 specie
750 3027 844 3108 attasi
862 3029 1025 3099 rotundas,
1041 3028 1186 3108 [artaldus
1203 3028 1435 3113 anqustissimis
1452 3029 1585 3110 fluuium

449 3142 578 3211 Musam
597 3119 788 3227 recipientes¹
801 3163 911 3228 supra,
934 3148 1105 3221 emittentes
1129 3148 1226 3228 infra,
1242 3156 1277 3210 ut
1293 3158 1369 3210 sunt
1386 3149 1488 3228 campi
1506 3147 1582 3210 dicti

450 3258 647 3339 Grasoensis,
670 3260 880 3338 Libnicensis,
903 3273 931 3325 et
956 3263 997 3327 ad
1024 3262 1168 3327 manum
1192 3262 1447 3345 namurcensis,
1471 3264 1586 3345 aliique

451 3397 509 3462 per
529 3380 607 3444 alias
629 3382 793 3461 rualenus,
819 3398 896 3463 quos
919 3382 1037 3444 circum
1062 3399 1185 3462 campos
1209 3383 1362 3445 altissima
1390 3393 1587 3462 consurpunt
1696 3405 1698 3408 ·

450 3500 606 3564 montium
621 3499 713 3580 jupa,
736 3500 867 3580 speciem
887 3500 982 3562 alieni
1005 3501 1233 3581 exprimentia:
1249 3499 1360 3579 quippe
1378 3518 1441 3561 non
1457 3501 1588 3563 minima

450 3637 526 3699 part
548 3620 725 3684 latitudinis
749 3637 932 3702 camporum
953 3629 997 3683 esl
1020 3619 1153 3682 altitudo
1175 3623 1451 3684 circumseclarum
1485 3621 1588 3701 crepi-

453 3738 575 3802 dinum.
594 3736 753 3822 Equidem
775 3741 877 3820 fatcor
899 3749 927 3802 ct
952 3739 1026 3803 tales
1050 3741 1084 3801 in
1104 3737 1198 3802 Luna
1220 3740 1313 3804 valles
1339 3759 1402 3804 esse
1422 3760 1522 3821 posse,
1539 3743 1585 3804 si-

451 3856 560 3921 nuosis
582 3856 736 3920 montium
759 3856 930 3921 recessibus
950 3865 1080 3938 propter
1100 3857 1211 3938 fluuios
1234 3868 1414 3922 eacaoatas.
1446 3857 1490 3921 Ac
1514 3858 1589 3940 quia

448 3973 537 4037 addis
558 3981 624 4037 tam
645 3974 768 4038 creoras
791 3991 856 4037 esse
884 3974 939 4037 nas
968 3973 1132 4048 unoculus,
1166 3985 1202 4036 ut
1236 3975 1410 4037 assimilent
1447 3973 1586 4036 lucidam

448 4100 571 4173 partem
595 4090 732 4174 corporis
757 4092 879 4157 lunaris
903 4092 1021 4156 caudae
1041 4094 1175 4173 pavonis
1194 4095 1229 4155 in
1247 4094 1340 4156 uaria
1355 4092 1488 4174 specula,
1506 4090 1590 4156 velut

449 4208 771 4285 ualentissimum:
793 4210 878 4274 subit
902 4210 1003 4290 ipitur
1025 4211 1191 4279 animum.
1228 4228 1305 4273 num
1338 4214 1373 4272 in
1405 4209 1500 4272 Luna
1533 4208 1591 4269 leae

449 4327 593 4419 madidae
615 4327 695 4409 auid
715 4328 804 4393 aliud
826 4338 945 4393 notent.
968 4328 1064 4409 Apud
1086 4347 1142 4393 nas
1177 4332 1260 4391 enim
1295 4331 1331 4390 in
1370 4327 1489 4390 Tellure
1515 4331 1591 4386 sunt

450 4446 600 4511 annosas
623 4446 793 4510 nonnullae
815 4447 920 4522 valles,
943 4457 976 4512 at
999 4456 1077 4510 sunt
1101 4447 1196 4509 etiam
1217 4448 1252 4508 in
1275 4446 1404 4524 lonpum
1425 4452 1592 4525 protensae

449 4562 624 4627 immodum
640 4563 811 4646 pluviarum
825 4564 989 4640 decursus,
1002 4564 1231 4644 profunditatis
1251 4581 1318 4626 non
1335 4556 1590 4627 contemnendae.

451 4680 629 4761 omnimodi
649 4682 745 4767 pelusi
766 4691 916 4764 perpetua
938 4680 1027 4746 vallis
1046 4689 1092 4743 est
1117 4680 1252 4743 dustria
1279 4680 1343 4760 tere
1379 4685 1445 4742 lota
1463 4683 1594 4758 propter

454 4791 660 4895 Danubium,
684 4797 767 4861 inter
800 4796 974 4864 Moraoiac.
997 4807 1024 4861 ct
1061 4793 1196 4876 Stiriae
1215 4806 1333 4861 montes
1370 4796 1537 4900 depressa,
1566 4798 1594 4853 el

545 4907 671 4967 Gustum
691 4911 819 4969 (terrm.
838 4944 862 4956 -
881 4913 912 4968 Τ.
933 4913 966 4968 l'.
1441 4913 1475 4961 53
