4109 5934
755 874 975 957 metent
1014 828 1277 956 annotato

558 1103 598 1165 de
620 1100 803 1165 observatis
827 1119 846 1162 a
871 1117 905 1162 se
927 1104 1071 1178 quatuor
1086 1098 1179 1161 lovis
1195 1096 1399 1162 satellitibus
1416 1115 1473 1159 er-

560 1219 706 1294 ionibus,
728 1236 810 1300 quos
833 1217 999 1284 Galilaeus
1022 1216 1191 1282 Galilaeus
1212 1216 1470 1280 Mathematicus

559 1337 768 1402 Florentinus
798 1337 874 1417 iure
909 1335 1109 1399 inventionis
1147 1333 1319 1399 Medioaea
1354 1332 1469 1398 Sidera
1554 1356 1556 1359 ·

564 1456 770 1535 nuncupavit
796 1453 850 1539 (1).

545 1701 700 1784 Temporis
722 1703 786 1785 filia
808 1704 941 1774 veritam·
964 1696 1017 1765 oui
1040 1720 1088 1764 me
1111 1703 1306 1768 obstetricart'
1328 1719 1393 1766 non
1414 1701 1526 1782 pubet:
1546 1710 1583 1764 ut

452 1821 496 1884 sio
520 1830 549 1884 et
571 1820 722 1884 inbloinim
742 1822 811 1884 reri
832 1840 853 1884 a
875 1839 923 1884 me
945 1819 1087 1902 loetum,
1110 1839 1176 1883 non
1199 1822 1329 1884 irritum
1352 1837 1415 1883 esse
1438 1838 1583 1901 compro·
1679 1886 1682 1892 ,

450 1939 525 2013 bens,
547 1948 577 2002 st
594 1945 730 2003 eaeteros
754 1939 915 2002 anxietate
930 1955 1024 2019 super
1040 1946 1155 2002 enentu
1171 1939 1350 2018 putationis
1367 1937 1501 2001 liberem.
1525 1937 1582 2001 Ve-

448 2056 538 2119 ritoti
561 2055 632 2137 quis
657 2055 756 2119 bonus
792 2054 1002 2118 testimonium
1025 2054 1138 2135 nepot?
1160 2052 1220 2118 Dei
1241 2073 1335 2136 opera
1357 2055 1426 2136 puis
1445 2055 1582 2135 pbiloso-

442 2173 525 2255 pltus
547 2169 707 2236 oeoultet?
732 2167 811 2246 Quis
830 2170 999 2236 Pharaone
1019 2169 1175 2235 crudelior
1189 2171 1352 2252 imperabit
1367 2170 1581 2235 obstetricibus

449 2297 485 2353 ut
507 2289 627 2372 {aetum
649 2298 764 2352 nalum
780 2296 955 2371 exponant,
971 2289 1162 2369 opprimant,
1177 2288 1308 2352 necent?
1323 2285 1429 2370 Atque
1446 2288 1493 2351 ita
1507 2289 1584 2351 mibi

449 2408 604 2474 Dominus
629 2406 715 2472 Desit
740 2408 924 2490 benefaciat,
947 2409 993 2472 itu
1015 2408 1094 2471 mibi
1116 2407 1251 2488 meisque
1287 2406 1391 2472 tomos
1425 2406 1582 2489 aedificet,

449 2529 498 2592 uti
527 2546 584 2608 epo
605 2526 745 2590 ueritatis
769 2526 826 2590 boe
843 2527 1054 2590 testimonium
1070 2525 1170 2589 uerbis
1188 2525 1319 2590 ornaino
1335 2526 1417 2588 reris
1435 2526 1581 2605 inpenuis

450 2648 478 2703 et
502 2639 693 2721 simplieibus
715 2638 862 2723 efferam:
882 2642 910 2702 si
928 2639 1068 2721 paucula
1086 2641 1288 2721 prmntisero.

536 2753 646 2819 Erunt
668 2756 751 2819 enim
773 2757 829 2838 aui
850 2773 898 2818 me
919 2755 1019 2836 {oeliei
1041 2758 1143 2838 maais
1170 2772 1269 2839 quam
1297 2757 1469 2822 eaeousabili
1505 2777 1582 2822 eon·

440 2874 567 2955 foetura
581 2873 741 2954 iuditium
763 2891 868 2938 meum
889 2875 926 2937 de
949 2871 1084 2939 Galilaei
1105 2877 1374 2940 observationibus
1406 2877 1577 2958 periculose

443 2993 661 3074 praecipitasse
682 2992 807 3056 tlt'oent:
829 2993 942 3074 quibus
966 3011 1031 3058 non
1053 2995 1206 3077 sufficient
1224 2994 1360 3058 rationes
1378 2996 1414 3057 in
1435 2992 1580 3076 Epistola

446 3128 514 3176 meo
534 3111 577 3175 atl
601 3109 777 3176 Galilaeum
799 3112 935 3185 allatae:
955 3131 990 3177 eo
1012 3113 1095 3195 quod
1111 3114 1276 3196 populures
1290 3116 1365 3186 sint,
1385 3123 1414 3176 et
1431 3113 1582 3194 adoulpo
1661 3165 1663 3167 .
1757 3114 1764 3127 ’

446 3229 688 3311 sotisaeiendum
716 3239 937 3312 comparataer
957 3239 994 3295 ut
1016 3232 1130 3313 quibus
1150 3233 1269 3311 passim
1291 3232 1333 3297 ad
1354 3231 1503 3296 subsellia
1519 3233 1580 3312 ju·

447 3346 552 3410 mum
572 3349 713 3429 quaestio
734 3349 813 3429 faeti
835 3357 1030 3413 exerceatur.
1052 3347 1196 3411 Audiant
1219 3349 1319 3429 ipitur
1340 3351 1477 3414 rationes
1493 3367 1580 3414 meae

448 3463 639 3528 essentitatis
661 3466 861 3538 occultiorem
878 3467 953 3530 tales
971 3483 1090 3548 nernpe,
1110 3484 1191 3549 quae
1213 3484 1286 3530 oum
1306 3469 1417 3530 statim
1431 3469 1523 3534 initio
1537 3469 1579 3533 acl

442 3583 582 3664 primam
603 3585 825 3650 observationis
845 3587 967 3666 samam
989 3587 1097 3650 animo
1122 3603 1191 3649 meo
1214 3587 1301 3648 intus
1320 3586 1501 3669 planissime
1523 3605 1580 3650 sa-

446 3703 630 3782 tisseeerint
652 3705 732 3785 soris
756 3714 860 3768 tamen
883 3707 919 3769 in
941 3707 1081 3787 pulpum,
1097 3706 1153 3788 qui
1162 3705 1317 3786 pendebat
1334 3707 1435 3769 animi
1452 3705 1577 3776 dubius,

439 3821 570 3900 jactari,
591 3831 620 3885 et
643 3823 703 3886 illis
720 3823 867 3902 juridicis
884 3826 1099 3907 praetonante
1114 3825 1205 3908 fidem
1220 3834 1336 3889 eventu
1350 3824 1479 3907 [aetam.
1496 3827 1581 3888 eitra

447 3935 617 4001 ludibrium
641 3955 707 4002 non
726 3949 910 4022 potuerunt.

535 4050 619 4120 Nam
641 4059 712 4138 quis
735 4076 852 4140 quaeso
873 4071 916 4124 est
939 4062 1102 4127 rationum
1123 4064 1409 4128 astronomicarum
1437 4062 1583 4143 peritus.

507 4312 542 4372 l¹l
558 4310 634 4377 Depo
649 4317 750 4368 msidue
766 4319 960 4383 inrestimiooi
977 4322 1021 4371 nel
1038 4321 1115 4383 aieto,
1130 4322 1189 4374 vide
1205 4321 1360 4373 finalmente
1383 4318 1500 4381 Keplero
1517 4315 1589 4364 netis

442 4402 551 4454 mitto·
567 4403 609 4454 del
625 4407 657 4455 ³0
672 4407 772 4472 Aposto
790 4414 855 4460 toto
871 4411 879 4460 i
895 4411 1006 4463 satelliti
1022 4414 1048 4463 di
1063 4413 1154 4474 (iloto,
1171 4413 1221 4462 obe
1239 4426 1293 4463 noa
1303 4424 1381 4464 arms
1393 4410 1478 4473 potati
1488 4418 1588 4458 snoors

443 4506 578 4547 massere
593 4501 699 4564 qnando
714 4502 790 4553 diedo
806 4505 833 4553 in
850 4502 909 4554 tuoe
925 4505 949 4556 is
966 4506 1125 4569 precedente
1145 4507 1355 4562 Dissertastoner
1374 4516 1389 4551 e
1406 4503 1474 4565 bopo
1490 4508 1590 4551 iserae

443 4597 490 4651 W
506 4587 575 4639 ⁴¹¹0&
590 4590 675 4653 ibini
691 4595 818 4659 uanitate
833 4595 1053 4659 l'ossemzione‚
1070 4609 1104 4647 ae
1119 4595 1226 4660 divulgo
1241 4595 1260 4646 il
1276 4596 1303 4644 ot
1320 4599 1347 4646 tt
1366 4592 1525 4645 settembre.
1544 4597 1593 4650 per

445 4677 472 4727 ¹⁰
487 4682 589 4757 ΜΝ
604 4684 632 4733 bi
647 4684 766 4741 limeis
782 4688 911 4740 Panionio
927 4689 952 4738 di
967 4688 1150 4751 Freneoloste,
1169 4689 1194 4740 le
1210 4694 1334 4753 presente
1351 4686 1533 4742 Narratione,
1557 4679 1594 4727 ri«

447 4772 569 4839 probatu
586 4775 627 4829 bn!
645 4778 755 4832 Venturi
772 4795 787 4833 s
805 4798 862 4848 psg.
881 4787 925 4834 ttt
942 4796 958 4834 e
974 4795 1045 4848 segg.
1061 4783 1130 4835 delia
1145 4783 1221 4834 Psote
1237 4782 1258 4833 1.
