4109 5934
339 779 342 782 .
441 678 486 743 oa
799 698 1049 750 onsnnvmroses
1070 704 1119 752 aa.
1144 684 1241 754 idio

440 825 682 908 Propinquiora
711 830 785 893 love
804 832 942 896 distabat
971 850 1012 896 m.
1043 835 1076 909 7,
1107 835 1182 897 heac
1208 851 1280 899 vero
1304 834 1345 898 ali
1369 836 1605 900 oneidentnliori

439 931 514 991 min.
535 929 567 1005 d,
588 936 622 992 nt
642 933 674 995 in
695 930 794 1012 ligura
817 933 954 1014 apposiia
975 940 1147 1014 spectatur:

436 1131 481 1183 or.
989 1117 1042 1224 ᾳ)
1224 1154 1242 1190 s
1404 1153 1427 1192 e
1543 1139 1604 1191 occ.

386 1359 388 1365 ,
499 1326 555 1390 Dio
575 1329 630 1404 20,
650 1331 827 1395 nubilosum
848 1333 907 1396 luit
925 1334 1059 1397 coelum.

497 1427 554 1492 Die
572 1429 627 1505 21,
648 1431 724 1494 liora
745 1433 777 1507 1,
799 1432 874 1496 min.
895 1433 950 1510 80,
979 1434 1128 1498 Sieilnlse
1146 1439 1208 1499 tres
1227 1437 1301 1498 satis
1332 1435 1463 1516 exiguae
1494 1451 1602 1498 oerne

440 1531 553 1600 bantur
572 1532 605 1595 in
626 1534 683 1596 irae
703 1535 937 1599 constitutione:

439 1745 484 1796 or.
869 1706 1114 1835 'effigi
1300 1764 1319 1802 e
1423 1753 1430 1767 ·
1543 1746 1602 1799 oe.

438 1941 596 2004 orientalis
609 1943 742 2004 eborata
756 1942 830 2005 iove
841 1945 916 2006 min.
929 1944 963 2019 23
979 1944 1062 2007 lovis
1073 1944 1113 2006 ab
1125 1943 1305 2006 occidentali
1318 1947 1464 2022 sequente
1476 1941 1553 2004 min.
1569 1941 1601 2014 33

439 2039 515 2101 haee
534 2056 608 2104 vero
628 2041 667 2101 ab
686 2042 916 2105 occidentaliori
939 2041 1013 2105 mia.
1044 2043 1085 2104 l:
1115 2048 1205 2105 erant
1224 2043 1264 2105 ad
1283 2058 1418 2121 unguem
1440 2040 1474 2102 in
1494 2039 1603 2102 eadem

438 2142 522 2200 recia
542 2137 717 2221 Eclypiiene
738 2142 897 2223 parallelo.

439 2275 446 2287 ·
517 2239 574 2309 Die
601 2240 911 2319 1111111111.
938 2243 992 2320 ³0,
1021 2245 1115 2327 (nam
1140 2242 1352 2323 superioribus
1381 2240 1481 2303 tribus
1503 2241 1603 2303 noeti·

439 2343 497 2406 hus
526 2345 647 2408 eoelum
678 2345 736 2408 init
766 2346 899 2409 anninus
929 2343 1116 2426 obdneinm)
1148 2350 1209 2406 tres
1230 2347 1441 2423 appsmernnt
1469 2339 1602 2403 Stellam

440 2444 605 2510 orientales
624 2446 718 2520 dnae,
750 2463 885 2528 numum
916 2447 1080 2509 distantiae
1110 2445 1190 2507 inter
1219 2458 1254 2506 se
1282 2450 1312 2504 et
1338 2458 1357 2504 a
1385 2438 1461 2502 Jove
1490 2455 1604 2518 aeqns·

440 2544 486 2606 ies
503 2545 644 2619 inerunt,
666 2564 702 2608 nc
722 2548 796 2608 min.
827 2546 868 2608 i:
899 2546 1096 2610 oooidentaiis
1115 2562 1180 2608 nna
1194 2542 1306 2606 alterat
1331 2560 1351 2604 a
1371 2538 1446 2602 iove
1476 2538 1603 2601 mim

440 2642 537 2801 {lirant
558 2649 659 2708 autem
681 2645 713 2706 in
743 2644 850 2708 eedem
878 2650 960 2709 reeta
993 2644 1031 2707 ed
1061 2662 1209 2726 nomem,
1233 2640 1402 2706 soeuadum
1422 2636 1602 2719 liolypticae

462 2745 578 2803 nolum.
919 2745 922 2754 '

441 2942 485 2993 Or.
764 2960 782 2997 e
880 2963 897 2998 e
986 2925 1039 3030 ᾧ
1082 2959 1101 2995 e
1540 2939 1603 2989 Otr.

519 3136 574 3198 iiie
595 3138 651 3208 io,
672 3136 747 3198 liora
768 3136 801 3208 0,
823 3135 898 3197 min.
919 3135 971 3208 30.
992 3136 1084 3198 binae
1102 3139 1219 3198 tantum
1241 3134 1367 3196 admont
1386 3131 1515 3195 Stellae:

441 3339 485 3388 or.
720 3351 741 3388 s
996 3316 1048 3421 Θ
1205 3349 1226 3388 s
1540 3336 1604 3388 ooe.

343 3583 348 3594 .
441 3533 600 3595 orientalis
620 3551 682 3596 una
703 3533 820 3596 distans
841 3553 859 3596 a
880 3533 954 3595 Jove
975 3534 1050 3596 min.
1072 3533 1126 3621 1οξ
1145 3530 1346 3593 occidentalis
1367 3531 1465 3593 altera
1485 3531 1604 3596 distans

441 3630 516 3693 mia.
536 3632 569 3692 6:
591 3631 749 3696 orientalis
769 3638 838 3694 erat
850 3632 1008 3712 aliquanto
1029 3632 1131 3694 minor
1143 3629 1337 3694 occidentali.
1357 3629 1416 3693 Sed
1437 3630 1467 3693 h.
1483 3630 1518 3706 5,
1540 3637 1603 3696 tres

442 3731 525 3794 visae
545 3738 615 3794 suni
635 3733 763 3793 Stellae:

441 3936 486 3985 or.
701 3947 718 3983 e
902 3890 906 3897 ¹
999 3910 1051 4014 (aja)
1070 3943 1091 3982 1
1194 3944 1212 3980 s
1542 3934 1603 3984 oce.

441 4139 562 4212 praeter
584 4133 667 4198 enim
690 4131 772 4193 duas
791 4129 859 4210 jam
890 4127 1065 4200 adnotatas,
1085 4126 1174 4189 teriia
1193 4143 1232 4189 ex
1253 4127 1410 4192 occidente
1433 4141 1529 4208 prope
1552 4126 1604 4192 lo·

442 4251 511 4295 rem
532 4233 698 4299 admodum
720 4230 833 4310 exigua
853 4228 1052 4302 cernebatur,
1072 4243 1154 4307 quae
1171 4226 1258 4308 prius
1279 4229 1337 4294 sub
1355 4227 1431 4290 iore
1452 4229 1609 4303 latitabat,

443 4331 634 4414 distabatque
656 4333 695 4397 ab
715 4348 752 4394 eo
774 4330 849 4395 min.
870 4330 898 4392 i.
920 4327 1089 4394 Orientalis
1109 4346 1182 4393 vero
1202 4331 1365 4406 remotior,
1385 4348 1483 4411 quam
1502 4337 1609 4408 auten,

447 4432 620 4511 videbatur,
640 4436 755 4499 distans
776 4449 887 4514 nempe
908 4450 927 4495 a
945 4430 1019 4494 Jove
1039 4431 1115 4496 min.
1137 4432 1184 4495 ii.
1204 4430 1272 4495 llae
1291 4436 1380 4494 nocte
1400 4432 1537 4512 primum
1557 4432 1610 4497 lo-

451 4534 495 4595 vis
512 4539 542 4595 et
555 4535 760 4614 adjacentium
773 4536 969 4615 planetarum
983 4550 1194 4617 progressum,
1214 4532 1384 4595 secundum
1398 4532 1522 4596 zodiaci
1543 4533 1612 4596 lon·

448 4632 633 4715 gitndinem,
653 4637 732 4701 iacta
753 4638 902 4702 relatione
919 4637 958 4702 nd
972 4637 1068 4701 lixam
1088 4633 1272 4717 qnamdam,
1292 4634 1457 4699 observare
1477 4633 1611 4715 placuitz

457 4734 652 4818 spectabatur
681 4739 762 4800 enim
787 4738 850 4802 lixa
880 4739 974 4804 Stella
1003 4741 1153 4803 orientem
1172 4750 1280 4800 versus
1299 4736 1414 4807 distem
1444 4757 1462 4801 a
1488 4735 1613 4818 planen
