4109 5934
802 758 953 807 smmum
981 758 1039 806 esa
1066 759 1208 806 camum
1510 744 1571 825 50¹

444 893 586 973 tonicam:
610 898 639 951 ct
662 891 719 952 noc
741 905 780 952 cn
804 884 839 950 S.
863 886 1027 951 Ambrosio
1050 896 1078 951 ct
1108 887 1178 952 Pici
1212 885 1434 953 Miranduiani
1458 906 1576 953 monu-

443 1009 555 1072 mentis
578 1007 701 1072 nuderis
718 1015 748 1071 ct
769 1001 943 1069 Galilaeum
968 1013 1090 1069 nastros
1113 1005 1304 1086 majoresne
1321 1007 1441 1072 iniuria
1467 1002 1570 1071 Grae·

444 1143 552 1190 corum
574 1123 743 1187 uindicare.
770 1120 912 1185 Eandem
934 1124 1068 1187 tenuisse
1091 1125 1279 1187 sententiam
1308 1121 1447 1189 Numam
1471 1125 1571 1191 Pam·

439 1244 565 1325 uitium,
587 1241 771 1322 discipulum
795 1239 1009 1321 Pytnaoorae,
1034 1251 1062 1303 et
1086 1258 1188 1321 reoem
1212 1240 1429 1307 Ronmnorum
1449 1245 1577 1325 sapien·

444 1363 608 1434 tissimum,
634 1377 697 1424 non
721 1359 807 1424 modo
843 1357 974 1423 Ovidius
1010 1360 1063 1423 sed
1096 1361 1236 1424 historici
1270 1361 1362 1427 multi
1396 1369 1576 1439 testantur,

446 1481 513 1545 ticet
537 1489 648 1561 necent
670 1481 732 1550 aiii,
750 1477 890 1552 Plinius,
908 1477 1123 1560 Pytnaooram
1142 1476 1280 1544 Senatus
1302 1478 1437 1545 Rotnani
1456 1480 1580 1545 decreto

444 1599 708 1681 sapientissimum
730 1598 813 1661 inter
837 1597 1031 1678 pititosopttos
1058 1596 1176 1689 (uisse,
1210 1598 1338 1680 quando
1372 1600 1400 1662 ei
1433 1607 1575 1664 statuam

446 1717 628 1781 dedicarunt
650 1715 799 1799 (iubente
825 1714 959 1780 Oeneum
988 1714 1143 1796 Detpnico,
1164 1726 1201 1779 ut
1218 1718 1445 1799 sapientissimo
1470 1713 1573 1781 Grac·

448 1850 555 1898 cotum
573 1840 709 1896 statuam
726 1832 865 1897 dicarent
885 1835 1099 1914 eriaerentque
1108 1832 1124 1914 )
1141 1834 1293 1896 ueraciter
1315 1841 1456 1897 enarrat.
1485 1830 1580 1909 Qua·

447 1957 573 2031 propter
604 1958 632 2011 et
666 1946 780 2013 itaiiae
814 1957 843 2012 ct
871 1946 975 2031 Moysi
997 1958 1026 2012 et
1061 1947 1202 2026 Romae,
1226 1950 1380 2032 injuriam
1410 1951 1531 2034 inferre
1557 1951 1581 2014 ii

447 2066 606 2140 uidentur,
629 2068 687 2151 qui
707 2067 863 2131 rationem
884 2066 1119 2149 philosophandi
1136 2077 1165 2130 et
1181 2066 1327 2148 docmata
1346 2063 1478 2132 Gaiiiaei
1496 2055 1582 2133 insc-

445 2191 588 2259 ctantur,
611 2191 641 2246 ct
664 2181 862 2247 Aristotelica
887 2181 1083 2264 Putaaoricis
1108 2201 1193 2247 nunc
1216 2193 1426 2265 anteponunt,
1448 2185 1577 2268 quando

441 2301 511 2380 iam
531 2301 652 2383 sepuita
675 2302 790 2366 ceritas
810 2301 966 2366 elucescit:
990 2319 1055 2366 uon
1077 2303 1121 2365 sic
1155 2312 1262 2367 autem
1290 2302 1426 2383 majores
1449 2313 1572 2369 nostros

445 2435 599 2500 peccasse,
623 2421 772 2500 quoniam
793 2417 933 2483 nondum
957 2429 1039 2484 terra
1064 2438 1156 2496 noua,
1178 2429 1207 2483 et
1229 2428 1399 2502 systemata
1422 2419 1577 2492 cocicstia,

449 2554 592 2620 nouaque
614 2538 828 2618 nnacnomena
847 2537 1014 2620 propalata
1035 2539 1144 2621 [uere.
1169 2557 1225 2602 nec
1248 2538 1416 2603 concordia
1439 2539 1577 2620 scriptu·

450 2671 565 2720 rarum
587 2673 659 2719 cum
681 2655 861 2736 hujusmodi
880 2657 1085 2739 pnitosopttia.

540 2774 572 2837 7.
598 2770 735 2837 Tandem
757 2791 829 2837 cuns
852 2770 1031 2854 ,Theoiaoim
1053 2793 1074 2838 a
1099 2784 1233 2858 tempore
1258 2774 1394 2840 Cassitac
1416 2784 1447 2840 ct
1473 2775 1583 2840 Fran-

449 2891 523 2955 cisci
545 2887 669 2956 Mariae
693 2891 905 2957 Ferrariensis
929 2912 1028 2975 usque
1055 2892 1097 2957 ad
1124 2911 1200 2968 nas,
1236 2896 1317 2959 nanc
1352 2896 1579 2960 astronomiam

445 2983 513 3072 ¹non
534 3008 624 3073 modo
646 3027 710 3074 non
733 3010 1018 3088 condemnaverint,
1039 3011 1093 3077 sed
1113 3011 1353 3094 imprimendam
1377 3012 1577 3088 decreverint,

450 3143 506 3189 nec
527 3128 748 3192 recentioribus
770 3130 834 3192 sint
855 3129 1009 3201 minores:
1031 3129 1178 3196 videntur
1194 3147 1259 3194 non
1277 3148 1319 3194 eu
1334 3130 1400 3194 usin
1419 3130 1581 3196 doctrinae

451 3241 589 3318 Christi,
610 3243 664 3307 ssd
684 3243 732 3308 aei
753 3261 794 3307 cc
816 3242 935 3308 inuidia
957 3244 1007 3306 oct
1028 3261 1070 3308 ccc
1092 3243 1225 3308 inscitia
1251 3252 1480 3330 oppuonatores
1513 3239 1581 3308 Ga·

451 3361 531 3426 tiiaei
553 3362 752 3427 isusreaisse.

539 3477 570 3543 8.
592 3477 673 3543 Item
694 3489 826 3545 vocatur
858 3481 893 3544 in
928 3477 1030 3544 Sacra
1062 3476 1232 3560 Scriptura
1264 3481 1382 3545 coctum
1415 3480 1581 3563 sydereum

451 3596 732 3673 Firmamentum,
759 3598 836 3680 quia
866 3606 938 3662 stat.
975 3594 1064 3679 Broc
1086 3606 1172 3661 terra
1195 3606 1347 3664 monetur.
1369 3595 1459 3677 Broc
1484 3608 1513 3661 ct
1535 3599 1581 3665 sat

453 3722 606 3778 centrum.
641 3713 723 3780 Nam
746 3717 791 3781 sic
820 3717 927 3780 omnia
954 3716 1172 3797 pnaenamena
1205 3724 1234 3779 et
1266 3715 1426 3796 principia
1460 3717 1582 3778 mattu-

450 3833 637 3899 maticorum
657 3835 835 3910 minantur,
858 3845 893 3899 ut
912 3835 1025 3917 probat
1051 3833 1252 3916 Gapcrnisus,
1275 3843 1304 3898 et
1327 3851 1499 3917 sequaces:
1520 3836 1582 3897 imo

451 3950 617 4016 Ptolemaei
638 3970 784 4036 sequaces
806 3955 887 4019 idem
909 3955 1065 4038 latentur.

537 4071 569 4136 9.
592 4070 672 4136 Item
695 4072 865 4137 nubeculas
880 4075 915 4138 in
929 4074 1000 4146 soie,
1013 4081 1042 4136 ct
1055 4089 1152 4138 nacae
1171 4072 1274 4137 stetiac
1292 4073 1327 4138 in
1345 4069 1576 4153 caetasnderem

448 4198 477 4251 et
498 4197 635 4253 cometae
648 4206 742 4271 super
757 4191 881 4265 tunam,
897 4191 1037 4256 indicant
1054 4190 1175 4272 natam,
1190 4190 1304 4272 sydera
1318 4206 1382 4254 esse
1399 4195 1580 4272 systemata.

541 4304 696 4369 tntum
719 4323 784 4370 non
809 4323 898 4387 posse
922 4314 1044 4371 tectum
1073 4302 1192 4387 Moysis
1221 4311 1302 4369 recte
1331 4304 1408 4367 satis
1444 4298 1581 4383 exponi,

449 4422 511 4485 nisi
532 4422 646 4503 sydera
668 4426 732 4486 sint
754 4431 943 4505 systemata,
971 4422 1171 4505 probabimus
1207 4421 1294 4503 intra
1329 4438 1370 4484 su
1405 4417 1580 4483 doctoribus

449 4541 670 4607 sanctissimis.

541 4660 592 4723 11.
604 4658 685 4724 Item
697 4658 734 4727 S.
745 4661 902 4732 Iustinus,
914 4659 948 4722 in
965 4659 1202 4742 quaestionibus
1218 4657 1260 4722 ad
1274 4654 1475 4730 orsnodacos,
1486 4653 1582 4726 dous.

449 4775 533 4836 inter
549 4773 742 4843 Ciristiauoc
759 4788 785 4842 et
801 4774 934 4842 Gentiles
953 4791 1015 4840 esse
1033 4774 1278 4842 controversiam
1301 4773 1337 4838 de
1361 4771 1437 4837 caeti
1451 4773 1578 4855 finum
