4109 5934
817 745 970 792 amioum
994 747 1052 792 nno
1075 748 1217 794 oritano
1528 739 1593 801 555

459 878 545 952 dion,
568 873 652 957 quod
671 873 830 954 probabile
850 883 918 943 est.
944 892 1008 938 non
1032 892 1095 938 esse
1116 876 1238 956 aliquid
1266 887 1378 940 contro
1408 876 1592 961 Scripturas

457 997 490 1056 in
513 993 561 1056 bis
584 991 779 1072 dopmatibus
800 998 927 1072 propter
947 990 1184 1071 praedictorum
1208 992 1419 1071 tbeoioporum
1439 1003 1468 1057 et
1486 993 1593 1076 Papae

455 1111 676 1177 outboritotom
696 1110 903 1190 permittentis
917 1127 928 1179 ,·
942 1127 1006 1172 nrm
1025 1117 1131 1172 tomen
1151 1111 1375 1172 necessarium.
1398 1107 1490 1186 Quod
1508 1114 1591 1175 enim

455 1227 498 1290 iiii
521 1228 663 1292 nontam
681 1227 839 1303 uiderunt,
861 1236 990 1306 possunt
1013 1226 1158 1290 moderni
1175 1227 1304 1306 theotoni
1321 1228 1435 1303 nidere,
1453 1230 1480 1292 si
1495 1248 1592 1311 proe-

453 1346 562 1408 sertim
584 1341 766 1425 Scripturas
786 1354 814 1407 et
835 1344 952 1408 sotium
969 1345 1130 1425 operosius
1154 1353 1184 1405 et
1208 1346 1400 1424 inpeniosius
1417 1345 1590 1422 observent,

450 1472 545 1544 prout
567 1465 602 1526 in
625 1481 752 1544 torpore
775 1463 872 1543 bajus
896 1463 1023 1527 articuli
1052 1481 1107 1542 eoo
1132 1462 1313 1543 [oriendum
1335 1465 1505 1544 proparari,
1534 1475 1590 1529 out

453 1578 673 1644 revelationem
695 1597 808 1644 nonam
832 1581 977 1643 babeont.
1010 1576 1083 1658 Epo
1107 1589 1211 1643 tomen
1234 1580 1357 1659 fateor,
1381 1597 1429 1643 me
1453 1599 1517 1644 non
1541 1584 1590 1645 ni·

454 1699 546 1775 dere,
574 1697 656 1761 undo
676 1698 809 1778 jactura
832 1699 1034 1762 authoritatis
1057 1695 1299 1778 Scriptnrorum
1320 1697 1514 1763 Sanctorum
1535 1704 1589 1783 fiat

452 1834 493 1880 em
516 1812 647 1880 Gotttaet
673 1815 893 1897 dopmotibus:
918 1817 980 1879 imo
1004 1816 1127 1879 turriam
1150 1818 1217 1896 fleri
1241 1819 1391 1893 arbitror,
1415 1828 1450 1882 ut
1475 1839 1516 1883 en
1539 1819 1588 1883 tt-

456 1933 515 1995 stis
532 1941 629 2013 potet.

682 2172 735 2236 nd
757 2171 936 2245 Octavum,
960 2170 1091 2236 Nonum
1116 2180 1148 2236 ot
1172 2174 1354 2238 Decimum.

540 2407 591 2472 Ad
612 2417 778 2484 ottonum,
802 2424 922 2472 nonum
945 2418 973 2473 et
996 2409 1170 2482 decimum,
1196 2411 1297 2475 nescio
1319 2429 1362 2472 nn
1385 2410 1580 2475 demonstra-

448 2527 543 2590 tiones
565 2526 629 2587 sint
646 2541 708 2605 pro
732 2521 878 2598 bstineo,
900 2542 973 2588 eum
988 2525 1124 2590 eradant
1140 2526 1269 2607 tbroiopi
1285 2543 1341 2607 per
1359 2543 1467 2590 sensus
1496 2545 1583 2608 mps-

450 2645 523 2708 tioos
545 2651 573 2706 et
596 2642 690 2707 ooeior
710 2645 903 2724 aequivocos,
926 2653 963 2706 ut
989 2644 1004 2708 1
1035 2641 1075 2706 D.
1088 2641 1224 2708 Tbomne
1245 2653 1392 2726 apparet:
1412 2644 1464 2708 reti
1479 2653 1584 2709 tamen

448 2759 723 2825 demonstrationes
745 2769 857 2826 oontra
880 2759 1075 2826 Aristotelem
1092 2761 1158 2825 sine
1178 2760 1281 2825 dnbio.
1298 2759 1361 2825 Nos
1377 2769 1496 2835 autem,
1514 2778 1581 2824 res-

444 2877 649 2958 ponsionibus
670 2894 730 2958 pro
754 2875 917 2954 Gaiiiaeo,
940 2896 1032 2944 omne
1055 2878 1089 2941 id
1111 2878 1194 2961 quod
1217 2878 1328 2943 bisunt
1357 2877 1486 2958 tbeoIopi
1505 2895 1584 2942 exo·

445 2995 660 3067 minaoimuss
682 3004 712 3059 et
733 2996 806 3059 buis
827 2996 934 3076 [onere
956 2993 1142 3078 Scripturas
1165 3014 1230 3062 non
1254 2996 1373 3068 minus,
1399 3012 1496 3078 qnam
1519 2996 1582 3059 iitis

446 3128 485 3173 on
506 3109 650 3175 turrino
672 3110 808 3176 otiorum
829 3112 1083 3194 pbilosopborum
1098 3111 1305 3192 loquentibus,
1331 3128 1403 3175 aere
1425 3110 1575 3190 inteitipi·

445 3229 656 3310 musrporati
672 3228 794 3294 nntiori
810 3230 978 3294 intellectui
996 3230 1110 3294 tedere.
1126 3228 1168 3292 In
1184 3229 1409 3311 metapbpsiees
1421 3237 1507 3309 port.
1526 3229 1580 3303 ΙΙΙ,

446 3344 497 3407 bib.
517 3346 542 3422 1,
562 3347 671 3410 omnia
694 3344 828 3412 Galibaei
849 3356 877 3411 et
904 3346 1197 3428 Pptboporoeorum
1220 3347 1382 3428 dopmata,
1407 3355 1436 3423 et
1463 3346 1580 3428 Coper·

445 3463 507 3526 nisi
529 3465 802 3538 examinabimur,
825 3474 854 3529 et
877 3467 927 3529 bis
950 3466 1147 3546 orpumentis
1173 3465 1382 3545 satisfecimus
1410 3473 1446 3528 ut
1471 3466 1581 3545 potui·
1665 3499 1668 3502 >

443 3597 536 3643 mus:
565 3580 708 3646 similiter
729 3583 764 3645 in
786 3583 1019 3664 quaestionibus
1042 3582 1185 3648 omnibus
1205 3582 1366 3664 pbpsieis,
1401 3581 1456 3644 ubi
1488 3582 1577 3663 tonpe

442 3699 536 3779 pluro
558 3717 600 3764 en
621 3701 823 3765 naturatibus
836 3709 1025 3783 arpumento
1044 3711 1155 3766 eontro
1174 3700 1381 3783 coperntenn
1404 3702 1574 3764 contenui-

444 3835 525 3884 mus.
546 3815 641 3883 Nune
663 3837 706 3885 en
728 3820 905 3902 tbeoiopiois
928 3821 1019 3886 motio
1039 3820 1250 3903 protomus:
1273 3819 1319 3883 ibi
1339 3819 1443 3883 nitent
1465 3818 1574 3899 pbysi·

444 3952 510 4006 rus,
524 3935 577 3998 sed
597 3933 739 4001 Boebeia
752 3938 793 4001 sit
805 3937 918 4017 iuben,
938 3956 983 4002 an
1001 3939 1042 4001 sit
1059 3935 1304 4019 permittendam
1322 3932 1460 3999 Gotrtaeo
1475 3934 1511 3997 de
1528 3934 1577 3997 bis

442 4051 574 4116 scribere
597 4061 626 4117 et
647 4053 818 4136 disputare.

898 4294 950 4357 Ao
973 4293 1121 4359 Sextum.

529 4526 583 4605 Ati
603 4537 752 4607 uatum,
775 4531 879 4594 neseio
901 4530 977 4612 quia
998 4547 1119 4610 nepem.
1144 4528 1239 4592 Piros
1262 4531 1360 4605 enim,
1384 4544 1482 4592 eomes
1507 4524 1573 4591 bii·

441 4643 651 4724 romanianus,
674 4656 828 4730 tanpuam
850 4665 956 4713 reram
978 4649 1141 4711 bistoriam
1163 4645 1295 4727 inducit,
1309 4644 1394 4726 quob
1420 4643 1573 4709 Aristote-

441 4759 498 4835 tos,
517 4765 636 4847 scripta
659 4764 779 4848 rreum
802 4766 837 4831 de
863 4764 930 4830 Deo
952 4763 1042 4827 libere
1064 4763 1219 4828 mundum
1233 4770 1359 4829 errante
1374 4763 1409 4827 in
1428 4759 1572 4845 temporit
