4109 5934
799 757 949 806 evocasse
974 757 1032 802 rso
1057 757 1200 804 sescenta
1505 742 1574 805 519

449 909 527 965 rani,
550 893 644 955 etiam
666 893 701 954 in
723 891 930 962 naturalibus,
954 899 989 952 ut
1006 889 1113 953 docem
1130 899 1246 970 patres,
1260 897 1288 953 et
1306 888 1346 952 D.
1367 889 1473 954 Thom.
1489 893 1528 966 ΙΙ,
1545 895 1575 956 2.
1631 910 1634 914 ·

446 1009 533 1091 Erpa
552 1010 717 1075 habiliores
727 1019 802 1074 sunt
815 1009 990 1072 Christiani
999 1008 1043 1073 ad
1056 1009 1200 1072 ueritates
1226 1009 1457 1089 inoestipandas
1481 1027 1578 1091 quam

451 1125 592 1202 Ethnici,
615 1128 644 1190 si
665 1134 787 1191 caetera
808 1134 883 1189 sunt
902 1127 1005 1207 paria.
1025 1123 1186 1204 Iniuriam
1209 1125 1316 1206 itaque
1341 1123 1465 1188 Christo
1488 1127 1575 1205 facit,

448 1247 503 1326 qui
526 1242 664 1307 Iithnico
689 1261 720 1307 se
741 1242 864 1324 suhijct.
898 1241 965 1306 Sub
982 1242 1073 1305 omni
1097 1240 1186 1323 ligno
1218 1240 1371 1304 frondoso
1394 1246 1577 1321 prosterne-

446 1361 536 1423 baris
559 1359 735 1432 meretrix,
758 1358 831 1421 dicit
856 1357 1019 1438 Propheta.
1042 1355 1110 1420 Hoc
1134 1355 1346 1438 Hieronymus
1367 1356 1516 1420 intellemit
1540 1358 1576 1421 de

448 1478 505 1549 his,
529 1479 585 1558 qui
608 1477 776 1556 sapientiae
809 1476 1000 1540 secularium
1026 1493 1058 1538 se
1083 1484 1301 1555 prosternunt.
1339 1473 1510 1555 Propterea
1543 1477 1578 1537 in

449 1594 536 1673 epist.
559 1593 601 1656 ad
624 1592 873 1668 Pammachium,
895 1610 936 1655 ea
958 1594 1064 1674 ponsa
1087 1592 1264 1655 testamenti
1285 1592 1409 1653 ceteris:
1432 1590 1465 1655 Si
1481 1608 1579 1653 nma-

448 1710 548 1783 veris,
570 1710 688 1792 inquit,
710 1710 885 1773 mulierem
908 1710 1143 1792 alienigenam,
1165 1708 1229 1774 hoc
1256 1713 1317 1783 est,
1339 1710 1500 1772 scentiam
1522 1726 1578 1771 sa·

448 1828 593 1891 calorem
618 1827 804 1909 gentilium,
826 1844 939 1890 reseca
961 1827 1033 1908 ejas
1057 1825 1205 1906 capillos,
1228 1832 1261 1888 et
1275 1843 1403 1909 ungues
1420 1825 1496 1892 lava
1513 1829 1578 1890 elo.

450 1942 494 2008 Et
516 1947 599 2008 huna
621 1945 747 2009 modum
770 1946 805 2007 in
829 1944 965 2008 Concilio
999 1942 1147 2007 Lateran.
1170 1944 1325 2007 docemur.
1355 1941 1399 2007 Et
1422 1945 1457 2006 in
1480 1963 1580 2026 quae-

451 2063 548 2126 stione
571 2071 701 2134 nostra,
731 2073 839 2127 utrum
866 2063 1008 2144 expediat
1042 2081 1157 2126 novam
1190 2063 1301 2127 cudere
1330 2062 1577 2143 philosophiam,

447 2178 649 2252 ostendimus,
668 2180 759 2263 ,quod
779 2181 836 2244 hoc
862 2190 1002 2261 tempore,
1026 2180 1153 2262 quando
1174 2181 1311 2262 superhit
1345 2180 1459 2244 ancilla
1481 2198 1579 2261 supra

448 2294 606 2361 dominam
629 2297 835 2377 theolopiam,
858 2297 1049 2378 explodenda
1070 2299 1109 2361 sit
1132 2299 1212 2361 sicut
1234 2294 1334 2376 Acar.
1358 2295 1402 2361 Iit
1426 2299 1503 2380 qaia
1523 2297 1580 2380 filii

448 2412 547 2478 Israel
569 2432 611 2478 ea
630 2424 722 2496 parte
742 2413 888 2498 iudaice,
910 2424 939 2478 et
960 2423 1110 2496 exparte
1132 2416 1306 2498 loquuntur
1321 2413 1461 2479 Azotice.
1484 2415 1579 2496 natj-

447 2531 573 2595 ciendae
591 2539 678 2606 sunt,
692 2540 729 2595 ut
737 2531 828 2611 iubet
850 2529 981 2606 Esdras,
1003 2548 1120 2595 uxores
1143 2530 1344 2612 olienipenam
1363 2541 1393 2595 et
1410 2530 1580 2613 capiendae

447 2648 483 2711 de
507 2648 578 2730 filiis
599 2646 697 2722 luda,
718 2649 774 2713 hoc
798 2657 852 2719 est,
876 2648 911 2711 de
934 2649 1081 2713 doctrinis
1116 2657 1313 2720 sanctorumz
1336 2657 1365 2711 et
1387 2649 1424 2712 di
1447 2649 1574 2721 mundo,

451 2767 510 2831 liei
531 2766 647 2843 codice,
665 2778 741 2832 sunt
762 2768 944 2853 reficiendae
970 2770 1127 2840 scientiae,
1155 2778 1192 2831 ut
1215 2786 1271 2832 nos
1294 2769 1434 2848 fecimus,
1456 2777 1486 2831 et
1510 2765 1576 2831 Ga·

450 2885 559 2949 lilaeus
580 2886 684 2968 {acme
706 2906 770 2952 non
796 2897 903 2952 cessat.
927 2884 962 2950 S.
991 2885 1126 2951 Thomas
1147 2888 1242 2950 etiam
1266 2887 1289 2959 Ι,
1316 2883 1578 2961 Quaest.1,ait,

448 3003 532 3085 qnod
553 3003 680 3084 oentttes
705 3014 858 3087 unquam
881 3013 970 3069 testes
993 3012 1105 3069 contra
1127 3005 1251 3084 seipsos,
1276 3021 1339 3067 non
1358 3012 1509 3084 tanquam
1517 3002 1578 3081 ju·

447 3121 538 3196 dicet,
563 3140 619 3185 nea
643 3129 678 3185 ul
702 3129 790 3203 testes
812 3130 923 3188 contra
939 3141 1004 3198 nos,
1022 3124 1158 3187 uitentur
1174 3123 1210 3186 in
1228 3121 1338 3185 scholis
1354 3119 1574 3199 theolooorum.

447 3239 569 3303 hlirum
590 3240 699 3321 ipitur,
722 3241 883 3323 qnodpro
905 3243 1067 3324 mapistris
1090 3241 1247 3305 hahentur
1267 3237 1326 3322 (ut
1344 3237 1478 3302 Bemhsu
1507 3247 1576 3301 stn-

444 3354 521 3440 pet)
544 3356 635 3420 etiam
661 3356 879 3439 theolooorum.
902 3358 992 3424 Ahsit
1017 3360 1082 3423 hoc.
1445 3408 1447 3411 .
1487 3405 1489 3408 ι

536 3472 624 3555 Erpa
646 3476 701 3557 qui
722 3485 828 3542 vetant
853 3478 1039 3543 Christianis
1059 3477 1296 3558 philosophiam,
1320 3475 1397 3554 quid
1413 3476 1455 3537 sit
1480 3472 1574 3537 Chri·
1679 3465 1681 3469 ’

445 3592 586 3655 stianam
608 3609 671 3655 esse
694 3610 756 3658 non
780 3596 968 3678 intellipunt,
991 3604 1020 3660 et
1043 3603 1118 3659 sunt
1140 3592 1254 3656 similes
1276 3589 1407 3654 tatano
1431 3589 1576 3672 Impera-

447 3709 519 3783 tori,
535 3711 592 3790 qui
607 3728 648 3774 ea
659 3711 716 3793 ilde
730 3716 928 3794 apostatavit,
939 3724 967 3778 et
979 3712 1143 3779 interdixit
1155 3708 1344 3774 Christianis
1360 3725 1464 3770 omnes
1476 3708 1583 3783 scien-¹

447 3828 531 3900 tias3
553 3836 590 3892 ut
610 3831 676 3893 suis
698 3832 819 3896 ancillis
854 3833 1002 3897 destituta
1035 3830 1206 3912 theolopia‚
1241 3844 1307 3892 nan
1337 3833 1439 3908 posset
1467 3838 1580 3887 vocare

446 3945 586 4009 homines
609 3947 651 4011 ad
671 3952 795 4015 moenia
827 3952 963 4016 ciuitatis
1003 3949 1071 4014 [tet.
1095 3948 1140 4013 Et
1164 3950 1219 4011 hoc
1241 3947 1335 4011 etiam
1373 3943 1410 4006 D.
1443 3939 1582 4002 Thomas

446 4062 482 4123 in
506 4061 607 4127 eodem
628 4065 723 4131 liheilo
745 4068 930 4133 considerat.
957 4067 1042 4145 Quid
1063 4085 1149 4131 nunc
1173 4073 1298 4129 vocaret
1316 4080 1368 4127 eos
1392 4061 1448 4144 qui
1470 4051 1585 4137 prohi-

446 4179 518 4243 hent
542 4197 597 4243 nos
616 4182 825 4266 philosophari
847 4189 882 4250 in
905 4186 981 4251 lihro
1015 4185 1153 4260 Christi,
1176 4185 1232 4265 qui
1255 4192 1299 4246 est
1322 4180 1483 4247 mundus,
1510 4184 1588 4232 clim

443 4297 630 4364 tuttamuas
652 4304 748 4385 [aciat
771 4325 832 4381 eos,
854 4307 911 4389 qui
928 4306 1087 4371 monachis
1103 4304 1138 4368 in
1156 4304 1243 4368 lihris
1269 4300 1463 4366 secularium
1484 4289 1589 4366 leiim

440 4417 633 4497 prohibitum
656 4433 723 4486 esse'
741 4422 903 4488 colebant?
926 4422 1178 4490 [incusationem
1199 4438 1265 4486 non
1288 4420 1401 4484 hahent
1430 4429 1452 4474 a
1480 4402 1590 4480 serta

446 4546 520 4600 tura
545 4535 620 4601 liei..
633 4538 706 4605 Nan
729 4545 811 4606 enim
833 4542 928 4616 iliud,
952 4544 1062 4612 Nolite
1084 4560 1198 4625 sapere
1220 4521 1397 4624 plusquam
1427 4523 1590 4608 oportet,

444 4656 563 4734 moui
586 4661 717 4725 videtur
731 4664 793 4727 sibi
817 4664 947 4742 sapiens
968 4680 1054 4738 esso,
1079 4662 1198 4727 stultus
1222 4661 1291 4736 fiat,
1314 4666 1362 4722 est
1380 4652 1590 4717 contrahas,

446 4774 499 4836 sed
517 4793 575 4856 pro
604 4780 702 4842 nohis.
725 4780 797 4845 Non
821 4781 962 4863 equidem
991 4781 1131 4848 studium
1154 4789 1238 4847 cetat
1262 4759 1518 4862 philosophandi
1542 4752 1595 4819 ⁸⁶¹¹
