4109 5934
690 757 887 805 srrcrnnorcrr
910 757 952 803 nx
976 756 1190 803 rnnrmnronn
1218 756 1352 803 nnnrnnr
1520 741 1585 809 623

449 893 588 974 psimom
610 890 768 966 culcitra,
792 898 859 953 tom
877 897 1042 969 praeterea
1064 889 1160 951 stiam
1184 896 1262 952 tecta
1282 887 1402 953 mmor.
1433 887 1592 972 Hospitem

452 1009 533 1072 emim
556 1008 612 1089 qui
635 1008 764 1087 ecceptt,
787 1025 822 1070 ec
844 1007 910 1087 ipso
933 1006 991 1067 sub
1014 1013 1127 1068 tectum
1150 1004 1270 1068 dodam
1291 1006 1418 1087 recepit.
1449 1004 1503 1070 Ita
1529 1007 1590 1073 Co·

452 1135 552 1191 metae
575 1143 641 1205 epo,
663 1127 698 1187 io
720 1132 885 1205 systemate
910 1122 1083 1203 Copetrnici⁹
1105 1123 1246 1202 spacium
1262 1124 1426 1212 cssipoaoi
1441 1124 1482 1187 cd
1499 1127 1591 1189 traii-

451 1243 598 1309 siendom
619 1260 676 1323 per
699 1242 813 1305 lineam
836 1251 972 1305 rectam:
994 1250 1027 1304 ot
1051 1240 1084 1301 in
1107 1241 1263 1303 sistemate
1285 1241 1356 1314 itio,
1378 1250 1505 1323 propter
1528 1244 1589 1308 Co·

450 1368 576 1434 motam,
598 1359 715 1423 traiicit
738 1360 831 1422 etiam
857 1357 933 1442 (sed
946 1367 1035 1422 moto
1049 1357 1225 1442 circulari)
1244 1361 1334 1423 occis
1350 1359 1404 1423 itta
1423 1379 1503 1442 qaae
1518 1381 1589 1444 spe-

449 1487 600 1543 ctatorem
625 1477 767 1542 Cometes
789 1479 881 1541 vehit.
912 1477 960 1540 Vis
983 1479 1086 1551 seire,
1109 1475 1218 1553 Sarsi,
1240 1479 1317 1560 qma
1340 1481 1589 1563 existimaverim

450 1598 525 1678 spo?
547 1594 639 1662 Sars.
663 1598 706 1663 Ut
719 1599 832 1662 omnin
847 1597 1061 1664 Cometnrunn
1086 1597 1290 1678 pirencmenn
1305 1599 1500 1679 explicares.
1525 1598 1588 1664 Ke-

444 1716 521 1798 ptss.
556 1714 717 1781 Nimirum
740 1718 795 1780 ttcs
818 1717 1015 1789 existimacis
1037 1717 1240 1798 quarundam
1261 1719 1522 1798 apparentiamm
1551 1721 1587 1782 in

449 1835 612 1899 latitudine
642 1835 792 1907 Cametas,
810 1834 964 1898 rationem
980 1835 1068 1898 reddi
1084 1853 1146 1899 noo
1163 1852 1262 1915 posse,
1278 1838 1470 1916 expositione
1486 1846 1587 1901 motas

448 1952 615 2017 mreoiars's
638 1952 786 2034 simplicis
807 1954 843 2015 in
866 1970 933 2016 ooo
954 1962 982 2015 et
1007 1953 1112 2016 eodem
1131 1952 1243 2034 piano,
1264 1963 1298 2017 ot
1318 1971 1427 2034 posse.
1452 1973 1493 2018 ea
1514 1966 1588 2020 ants

447 2070 548 2150 posito
570 2080 658 2135 mota
684 2075 852 2151 spectantis
885 2072 992 2134 ommia
1026 2071 1142 2134 sideria
1176 2074 1384 2136 commonitae
1416 2074 1588 2155 afficiente:

448 2188 571 2251 etiamsi
594 2188 683 2253 muita
706 2207 788 2253 noco
809 2198 974 2270 peccator
991 2190 1162 2271 principio,
1179 2190 1280 2269 jacto
1296 2193 1510 2272 trajectos-iam
1534 2210 1587 2256 re-

447 2313 537 2370 stam,
562 2304 608 2369 Et
637 2322 712 2373 cero
745 2309 829 2371 nosti
862 2308 959 2388 tepem
991 2307 1247 2389 philosophandi,
1271 2307 1403 2372 Platoni
1424 2312 1589 2392 probatam

447 2425 560 2499 unice,
582 2445 612 2483 sis
635 2448 659 2480 sn
684 2445 723 2481 sess
743 2446 778 2479 tm
800 2432 895 2485 mua.
921 2433 1003 2480 rosim
1026 2434 1095 2480 m
1120 2435 1257 2490 saturem,
1276 2435 1323 2496 μιΓ
1339 2450 1422 2497 ipsosne
1444 2439 1499 2488 ctis
1522 2443 1588 2498 mcc,

449 2539 538 2605 Sars.
562 2540 655 2618 Quae
679 2539 772 2603 nobis
794 2540 966 2603 catholicis
989 2540 1082 2603 nnita
1102 2540 1229 2605 ratione
1249 2542 1492 2623 permittuntur.
1522 2545 1584 2608 Ke-

444 2658 519 2738 pier.
556 2655 695 2719 Praoom
720 2655 767 2717 oet
788 2656 956 2737 quereiam,
982 2661 1011 2719 si
1035 2665 1131 2732 reste,
1155 2657 1201 2720 oet
1222 2660 1414 2733 servitutem,
1443 2661 1471 2723 si
1494 2664 1586 2737 mate,

448 2775 609 2837 miseriam
631 2775 693 2836 imo
715 2773 923 2837 conditionem
944 2791 1052 2836 reram
1076 2777 1206 2855 tempcm'
1237 2775 1471 2848 subiectarum,
1507 2796 1588 2860 poce

448 2891 563 2957 dicetiit
586 2894 670 2954 inter
691 2907 723 2953 se
746 2892 943 2955 cohaerentia
963 2892 1151 2972 penitusque
1166 2902 1314 2956 connata.
1337 2891 1421 2956 Nom
1439 2896 1588 2958 comatico

448 3019 529 3072 seete
554 3006 732 3090 Copsrnico,
756 3025 829 3072 essm
851 3009 892 3072 oti
916 3007 1139 3072 Postumii!
1159 3009 1320 3080 scriberet,
1343 3010 1489 3091 miniano,
1515 3029 1588 3073 cam
1684 3004 1686 3007 ’

444 3144 529 3191 anno
555 3127 642 3192 root
663 3136 692 3190 et
718 3127 804 3191 1605
827 3129 989 3198 imitarer,
1013 3125 1106 3189 nolin
1129 3128 1257 3190 ratione
1290 3126 1584 3190 interdicebantur.

444 3243 508 3308 sm
529 3247 632 3309 doceat
662 3263 753 3309 setam
779 3244 913 3308 Periiins
935 3247 1059 3324 mapire
1094 3245 1209 3308 casem
1245 3242 1290 3307 Et
1325 3246 1388 3307 nisi
1422 3264 1470 3307 ms
1503 3246 1584 3327 [citit

444 3364 544 3426 omnis
568 3365 760 3444 conjectura,
784 3361 936 3443 formidat
961 3359 1061 3424 Siteni
1081 3363 1242 3441 frontem,
1264 3381 1361 3443 poam
1386 3363 1494 3441 pinxit
1517 3366 1584 3444 ipra

445 3483 554 3556 minio,
570 3485 676 3565 inepta
694 3483 799 3565 Aepie.

531 3599 621 3665 Sars.
644 3603 716 3685 Ego
738 3603 841 3684 igitur
863 3601 1053 3682 opinionem
1074 3601 1184 3673 ittam,
1206 3617 1306 3680 quam
1330 3601 1383 3680 pie
1406 3617 1446 3663 nc
1469 3607 1582 3666 sancte

444 3721 528 3783 tueri
548 3737 612 3784 non
634 3720 758 3793 liceret,
777 3736 837 3799 pro
853 3716 946 3781 nulia
964 3717 1150 3782 habendam
1170 3718 1342 3781 duxeram.
1362 3714 1483 3797 Kepter.
1500 3717 1581 3780 mot

442 3856 481 3901 ns
504 3838 605 3909 iiosot.
630 3838 714 3919 qnod
736 3837 851 3901 iscam
874 3837 1051 3900 nabendum
1072 3855 1131 3918 pec
1154 3837 1249 3901 acilo.
1278 3836 1349 3901 Tibi
1371 3856 1454 3912 oero,
1479 3836 1580 3913 Sarsi,

441 3956 469 4018 si
490 3973 555 4037 aaa
576 3955 699 4020 oidetor
721 3957 819 4019 inesse
841 3958 1040 4020 concinnitas
1075 3956 1111 4019 in
1135 3957 1317 4037 trajectosia
1349 3967 1447 4024 recta.
1484 3974 1581 4020 caasa

442 4073 528 4135 amic
551 4082 608 4148 est,
630 4079 711 4156 poia
733 4090 769 4137 eo
792 4075 913 4153 fruaris
936 4075 1031 4136 etiam
1052 4075 1088 4135 ia
1110 4083 1277 4155 spstsmate
1303 4071 1461 4155 Tpcncois
1484 4073 1581 4137 tuco-

442 4193 499 4255 ttti.
527 4188 619 4267 Quos
641 4196 725 4256 enim
746 4212 767 4255 c
791 4210 838 4255 me
860 4193 944 4272 imita
967 4203 1031 4267 est,
1051 4201 1079 4255 te
1101 4210 1250 4265 censore,
1274 4194 1457 4272 trajectoria
1480 4201 1581 4266 resto,

440 4318 527 4374 moto
552 4320 671 4383 terroe:
692 4311 800 4392 totetet
825 4328 894 4373 eam
916 4329 1013 4393 masse
1036 4312 1169 4394 firmius
1197 4309 1311 4393 Tycha,
1330 4317 1418 4374 moto
1431 4318 1582 4392 systema-

443 4427 502 4490 tiso
524 4429 793 4501 concomitoots'oe,
817 4428 873 4509 qni
895 4429 977 4507 rapit
1000 4429 1101 4506 ipsam
1123 4427 1217 4489 etiam
1242 4426 1455 4506 trajectoriam
1486 4426 1581 4489 recti·

442 4543 574 4616 tineam:
595 4546 622 4608 si
645 4546 697 4609 eui
719 4545 761 4607 aa
784 4544 846 4607 ista
867 4544 1022 4607 credenda
1043 4544 1144 4607 robor
1165 4551 1193 4605 et
1215 4559 1268 4605 aes
1292 4544 1405 4623 triptea
1422 4541 1508 4606 meaa
1528 4559 1583 4622 ps·

442 4667 520 4724 ctos.
540 4661 611 4725 Vitis
624 4661 856 4726 conclusionem
868 4659 1118 4743 Hyperaspistis‚
1131 4671 1162 4723 et
1175 4660 1217 4724 ad
1228 4661 1277 4722 tto.
1291 4662 1329 4732 ll,
1339 4661 1469 4741 copiti,
1482 4678 1514 4723 n.
1526 4660 1580 4724 21.

533 4779 681 4843 Attamen
698 4781 822 4844 vittatae
836 4795 974 4860 aequom
988 4778 1145 4858 postatore
1162 4774 1320 4841 Gatttoeos
1339 4779 1392 4858 sot.
1414 4777 1487 4851 182,
1506 4777 1583 4842 183:
