4109 5934
834 733 863 778 m
886 730 1020 778 usnemu
1046 731 1201 779 sicessos
1517 714 1582 781 ttb

534 860 639 945 Atque
662 864 735 926 baec
759 861 794 925 de
816 862 1024 926 instrumento
1051 862 1126 943 ipso.
1159 861 1233 925 lam
1270 863 1354 944 quod
1385 880 1480 927 usum
1513 863 1581 943 eius

446 980 566 1052 attinet,
589 987 742 1060 arantum
763 994 838 1041 sane
861 986 906 1041 est
929 978 1093 1040 inventum
1116 986 1217 1049 tuum,
1240 978 1396 1059 quomodo
1411 995 1582 1059 eoonosea-

448 1100 521 1165 tur,
544 1099 667 1174 quanto
689 1093 744 1174 fiat
768 1108 875 1155 rerum
895 1108 951 1170 per
973 1092 1218 1155 instrumentum
1241 1092 1425 1174 ampliatio,
1447 1102 1475 1158 et
1498 1115 1579 1177 quo·

446 1207 535 1274 modo
555 1207 682 1289 sinaula
705 1208 739 1283 in
762 1207 843 1273 coelo
865 1208 989 1271 minuta
1011 1209 1269 1288 minutorumque
1303 1220 1408 1289 partes
1444 1212 1583 1291 dionosei

443 1328 574 1407 possint.
601 1322 675 1402 Qua
696 1327 730 1388 in
754 1343 788 1389 re
811 1343 882 1389 eum
904 1328 939 1389 in
961 1336 1117 1391 certamen
1136 1328 1246 1391 veniat
1260 1327 1419 1392 industria
1437 1338 1493 1394 tua
1510 1347 1583 1393 eum

451 1441 604 1526 Turbonis
628 1443 746 1509 Brabei
768 1444 802 1506 in
820 1444 1012 1509 observando
1035 1444 1219 1508 certitudine
1239 1447 1497 1520 aestuatissimas
1518 1465 1583 1512 non

447 1560 501 1624 abs
525 1580 559 1625 re
580 1561 678 1642 {uerit
699 1561 818 1643 eloam
839 1561 1017 1643 interloqui.

537 1677 669 1745 Memini
690 1698 762 1745 eum
785 1679 962 1761 Polybistor
984 1679 1031 1744 ille
1053 1682 1259 1745 scientiarum
1274 1682 1418 1746 omnium
1433 1682 1484 1747 lv.
1505 1683 1581 1748 Pis·

450 1796 552 1861 torius
573 1815 614 1861 ea
636 1815 681 1860 nte
701 1807 861 1881 qimreret
883 1817 946 1863 non
972 1816 1038 1863 una
1059 1802 1151 1872 vies:
1172 1818 1250 1864 num
1271 1801 1348 1865 adeo
1370 1799 1494 1867 limatae
1510 1803 1577 1866 sint

446 1910 634 1977 &abeona
655 1913 895 1986 observationes,
917 1923 952 1977 ut
971 1914 1066 1996 plane
1090 1916 1168 1978 nibil
1191 1918 1224 1979 in
1247 1919 1285 1980 iis
1301 1917 1470 1982 desiderari
1492 1937 1581 2000 posse

441 2027 578 2108 putem
605 2026 695 2092 Valde
718 2045 766 2091 me
789 2028 997 2103 contendisse,
1021 2038 1149 2092 ventum
1172 2046 1236 2092 esse
1257 2030 1299 2094 ad
1320 2048 1500 2106 summum,
1523 2050 1578 2097 nee

443 2145 586 2209 relictum
608 2163 674 2209 esse
697 2146 867 2228 quiequam
889 2147 1045 2210 numanae
1069 2146 1268 2221 industriae,
1301 2167 1372 2212 cum
1408 2167 1463 2214 nec
1497 2151 1580 2214 oculi

443 2263 596 2344 maiorem
616 2262 723 2344 [eram
745 2265 957 2338 subtilitatem.
980 2283 1036 2328 nee
1060 2265 1287 2345 retractionum
1310 2268 1472 2346 neaoeium
1498 2269 1581 2332 side·

444 2396 517 2443 rum
538 2379 606 2445 loeo
627 2389 769 2463 respectu
790 2381 962 2445 horizontis
985 2389 1072 2445 statu
1098 2399 1246 2445 movens:
1280 2391 1375 2462 atque
1412 2382 1460 2444 bie
1494 2381 1583 2446 illum

445 2510 557 2567 contro
578 2503 827 2567 constantissime
848 2504 1018 2584 affimnnsse
1041 2511 1212 2567 venturum
1234 2503 1318 2578 olim
1342 2504 1398 2584 oui
1415 2505 1582 2584 perspicit-

448 2621 550 2684 lorum
572 2637 627 2701 ope
650 2620 837 2686 subtiliorem
860 2623 980 2701 operiat
999 2620 1192 2684 methodum:
1215 2621 1268 2683 eui
1290 2638 1346 2699 eoo
1371 2621 1577 2701 retractiones

443 2738 690 2821 perspieillvrum
712 2749 747 2802 ut
769 2741 888 2818 ineptas
912 2739 954 2803 ad
986 2741 1238 2803 observationum
1273 2739 1489 2802 certitudinem
1523 2758 1580 2821 op·

440 2857 545 2938 posui.
564 2855 608 2920 At
630 2876 715 2922 nune
738 2857 861 2922 dmum
881 2858 992 2932 video,
1013 2875 1124 2922 verum
1157 2859 1190 2920 in
1219 2866 1310 2938 parte
1344 2867 1447 2921 votem
1479 2858 1579 2940 fnisse

446 2974 628 3040 Pistorium.
651 2975 743 3059 Ipsae
766 2977 891 3059 quidm
916 2976 1031 3041 Brobei
1053 2978 1281 3043 observationes
1313 2994 1370 3056 per
1403 2994 1435 3051 se
1468 2984 1576 3052 stant,

445 3093 617 3176 muneque
639 3113 731 3160 suam
755 3093 886 3158 laudem.
910 3093 992 3159 Nam
1015 3095 1092 3177 quid
1112 3096 1152 3157 sit
1176 3096 1211 3159 in
1235 3094 1316 3159 coelo
1331 3111 1425 3158 arcies
1441 3094 1486 3158 bb
1500 3111 1577 3175 ora-

443 3211 562 3285 clum,
584 3210 663 3292 auid
685 3212 728 3278 34
750 3214 895 3284 minuta:
916 3215 971 3278 boe
993 3214 1066 3278 solis
1090 3212 1208 3278 Brabei
1233 3213 1452 3277 instrumentis
1481 3212 1578 3278 inno·

445 3329 542 3391 tescit.
566 3328 663 3413 Atqui
686 3328 829 3394 Braneus
849 3333 903 3394 boc
919 3341 1012 3412 pacto
1028 3331 1145 3411 arodus
1164 3331 1303 3395 coelestes
1325 3327 1335 3415 (
1346 3332 1394 3393 vel
1408 3332 1502 3395 etiam
1520 3349 1576 3411 eoo

443 3463 513 3508 meo
535 3446 666 3528 artificio
688 3450 788 3529 optivo
811 3447 920 3514 Lunae
945 3448 1154 3534 diametrum)
1177 3451 1212 3513 in
1235 3450 1316 3513 coelo
1340 3451 1496 3530 fuerimus
1527 3449 1575 3513 di·

445 3561 560 3625 mensi:
577 3561 648 3642 iam
666 3566 885 3644 superveniens
911 3574 1002 3629 tuum
1022 3561 1155 3629 Golitoee
1172 3565 1401 3645 perspiciltum,
1425 3573 1454 3630 et
1470 3581 1576 3647 ouan-

447 3680 571 3742 litatem
590 3679 675 3743 illam
696 3699 717 3744 a
741 3681 863 3746 Brabeo
885 3691 912 3745 et
937 3700 957 3746 a
980 3699 1028 3744 me
1049 3682 1204 3762 proditam
1227 3681 1451 3762 complectens,
1473 3683 1576 3747 subti-

445 3796 561 3860 lissime
582 3796 667 3862 illum
683 3800 719 3861 in
737 3801 861 3863 minuta
879 3809 909 3863 et
925 3800 1121 3864 minutorum
1134 3806 1238 3880 partes
1254 3799 1433 3872 subdividit,
1449 3818 1574 3882 seseque

443 3912 565 3979 Brobei
585 3915 725 3980 melbodo
748 3917 955 3991 observandi,
977 3917 1204 3998 elementissimo
1225 3919 1394 3999 conluvio,
1416 3921 1573 3982 associat:

443 4040 480 4096 ut
501 4042 531 4096 et
554 4032 698 4100 Braneus
720 4036 784 4116 ipse
808 4036 928 4113 babeat,
943 4056 1005 4118 quo
1021 4046 1077 4099 tua
1091 4037 1316 4101 observationis
1332 4037 1474 4101 melbodo
1489 4052 1581 4126 oau-¹

444 4150 525 4226 dent,
547 4161 576 4215 et
600 4161 636 4216 tu
658 4161 745 4218 tunm
768 4173 807 4218 en
831 4153 1001 4220 Brabeano
1023 4157 1196 4221 necessario
1219 4157 1372 4220 instruas.

540 4265 588 4331 Vis
612 4266 712 4333 dicam
729 4269 812 4351 quod
829 4269 956 4335 sentio?
981 4267 1059 4352 Opto
1074 4270 1153 4332 mibi
1167 4279 1258 4333 tuum
1273 4270 1522 4332 instrumentum
1541 4268 1576 4328 in

441 4382 583 4466 eclipseos
607 4385 729 4450 lunaris
753 4387 1029 4468 contemplatione:
1053 4404 1209 4467 sperarem
1233 4405 1274 4450 esc
1297 4405 1332 4450 eo
1362 4386 1576 4467 praestantis·

442 4502 526 4568 sima
542 4503 699 4584 praesidio
721 4505 763 4570 ad
784 4505 1010 4586 sepeliendum.
1030 4512 1075 4568 est
1091 4504 1146 4567 ubi
1162 4513 1190 4565 et
1209 4502 1456 4584 reformandum,
1476 4511 1577 4567 totum

443 4618 661 4704 Hipparcbum
683 4643 796 4703 mum,
818 4642 875 4688 seu
893 4624 1188 4687 demonstrationem
1201 4622 1440 4685 intervallorum
1459 4631 1487 4684 et
1503 4635 1575 4682 ma-

443 4739 620 4819 onitudinis
643 4745 737 4807 trium
761 4759 942 4824 corporum,
965 4739 1062 4815 Solis,
1089 4737 1218 4814 Lunae,
1240 4747 1267 4800 et
1295 4736 1419 4803 Terrae.
1447 4737 1584 4829 Diamo-¹
