4109 5934
743 945 1322 1021 tusttt‘tca'rton'as

548 1166 642 1217 W
657 1166 846 1209 micturus
862 1167 936 1218 Qud!
953 1170 1059 1212 mm
1076 1173 1105 1212 lit
1123 1173 1252 1215 iilum!
1266 1174 1513 1219 (emissionibus

788 1345 898 1407 eires
919 1350 1034 1409 bertr
1057 1353 1283 1440 utcttttes,

448 1558 595 1623 quarum
617 1542 703 1608 ratio
724 1547 769 1610 ab
791 1544 854 1609 boe
890 1547 1025 1628 pendet,
1053 1549 1141 1629 qnod
1171 1548 1339 1614 Gatitaens
1363 1549 1484 1633 ptnriee
1512 1569 1612 1633 supra

447 1657 557 1721 dictas
575 1654 828 1725 Observationes
842 1660 1018 1743 interrupit
1033 1669 1167 1744 propter
1190 1663 1284 1727 varia
1308 1663 1478 1745 multaque
1502 1664 1609 1744 impe-

450 1761 616 1841 dimenta,
637 1782 702 1831 non
722 1772 836 1832 sutem
859 1769 950 1850 quod
968 1768 1106 1835 Codices
1129 1770 1309 1854 imperfecti
1333 1772 1416 1848 sint,
1434 1771 1515 1837 dnm
1531 1790 1614 1835 con·

452 1876 522 1949 tra,
536 1878 575 1937 nt
586 1870 640 1937 bio
653 1872 819 1938 Mnus
836 1875 1096 1954 demonstratur,
1114 1877 1361 1960 comptetissimi
1372 1879 1441 1943 sint
1458 1877 1609 1943 habendi.

944 2064 1119 2095 -Ο-

810 2218 1148 2287 tnsrirtcario
1186 2221 1210 2287 l.

598 2402 768 2463 (Deficientis
784 2403 937 2454 interdictu
955 2407 983 2453 :tt
999 2400 1112 2468 Augusti
1128 2408 1156 2453 et
1171 2406 1187 2453 t
1202 2402 1356 2455 Novembris
1374 2404 1453 2465 toto)

529 2562 599 2627 llos
614 2564 872 2629 Observationum
892 2571 1074 2647 excerptum
1094 2571 1236 2640 extst‚ut
1249 2566 1324 2629 alibi
1340 2566 1493 2639 diximus,
1514 2582 1611 2628 mene

447 2663 547 2743 ipsius
565 2662 698 2727 Galilaei
717 2670 894 2728 exaratum:
915 2671 1104 2746 quapropter
1119 2665 1241 2746 penitus
1257 2664 1448 2744 superfluum
1458 2670 1538 2728 esset
1555 2665 1613 2726 bn-

442 2764 495 2844 jns
504 2764 699 2829 debrientise
711 2767 863 2830 rationem
878 2767 1007 2829 reddem
1019 2768 1116 2848 (quae
1131 2767 1265 2828 duarum
1277 2765 1491 2828 tantummodo
1500 2763 1613 2828 Obser-

447 2864 607 2930 rstionum
625 2867 881 2948 interruptionem
903 2869 1033 2949 patitur,
1052 2868 1182 2930 atteram
1204 2865 1345 2928 videlicet
1366 2864 1460 2926 dieii
1478 2865 1614 2945 Septem-

446 2962 725 3039 briebboctobris
751 2966 913 3048 alteram:
934 2985 1007 3029 narn
1027 2972 1153 3046 propter
1165 2982 1260 3044 suprs
1280 2965 1454 3045 expositam
1471 2981 1614 3035 causam,

445 3060 477 3125 id
495 3065 673 3127 neoeumo
692 3065 938 3146 sufficienterque
958 3066 1135 3131 dederetur
1154 3084 1194 3128 ox
1210 3083 1262 3139 eo,
1276 3065 1359 3144 qnod
1374 3062 1535 3127 Galilaens
1555 3064 1615 3125 boc

446 3168 584 3243 ternpore
612 3164 732 3227 nubam
760 3167 902 3230 babuerit
920 3165 1174 3231 Oboerrationem
1194 3165 1422 3238 adnotandam,
1443 3163 1522 3226 idest
1543 3164 1615 3225 nut-

447 3260 512 3325 lsm
532 3262 593 3327 boc
612 3268 751 3346 tempore
771 3266 888 3330 iecerit.

528 3362 751 3440 Veruntamen,
771 3386 844 3430 cum
865 3368 958 3431 libest
975 3369 1077 3448 quoad
1099 3368 1294 3448 probationes
1324 3373 1461 3430 nostram
1493 3365 1613 3445 praeci·

446 3476 541 3540 poam
560 3463 663 3527 tbesiu
681 3468 881 3547 respicientes
901 3468 1069 3540 abundare,
1083 3467 1278 3531 advertemus
1295 3467 1354 3529 boc
1368 3466 1462 3530 tuisse
1475 3470 1614 3546 tempus,

444 3578 508 3641 qno
526 3562 687 3629 Gaiitsens
707 3567 831 3630 Patauio
843 3585 999 3640 reversus,
1013 3567 1188 3630 Florentiae
1201 3566 1366 3636 remansit,
1386 3582 1449 3644 quo
1469 3565 1610 3646 pervenit

446 3662 531 3725 cirea
550 3663 634 3728 diem
658 3665 698 3728 15
716 3668 917 3750 Septembris,
941 3686 1014 3731 cum
1036 3670 1051 3728 t
1074 3674 1130 3731 aut
1159 3667 1250 3728 2die
1269 3665 1361 3746 hujus
1382 3665 1497 3728 mensis
1524 3663 1614 3728 Pata-

447 3762 748 3847 vinmreliquisset,
778 3776 810 3832 et
834 3770 992 3850 aliquibus
1011 3769 1120 3832 diebus
1140 3767 1298 3830 Bononiae
1322 3766 1553 3847 permansisset,
1579 3770 1614 3825 ut

448 3865 515 3945 ipse
534 3864 645 3932 tutetur
663 3870 696 3933 in
718 3872 846 3952 epistota
868 3873 929 3934 diei
960 3872 1001 3933 so
1032 3871 1164 3952 Augusti
1196 3871 1236 3934 ad
1265 3869 1451 3934 Betisarium
1483 3867 1612 3929 Vintasn

447 3983 466 4027 s
488 3966 616 4029 semotis
632 3966 736 4051 tdspni
757 3970 923 4037 Hetruriae
938 3971 1053 4045 Ducis;
1074 3989 1156 4051 qnae
1175 3973 1220 4035 sic
1241 3971 1369 4050 incipit:

527 4087 547 4125 v
567 4065 649 4133 Souu
659 4072 776 4146 ormai,
786 4090 843 4153 per
855 4073 886 4136 la
899 4072 959 4135 Dio
968 4073 1084 4154 grazia,
1098 4071 1290 4134 vicinissime
1300 4069 1480 4133 atl’esscrmi
1492 4066 1608 4145 svitnp

445 4188 461 4223 s
482 4172 558 4247 pato
569 4168 611 4233 da
623 4171 712 4234 mitte
725 4190 743 4235 e
756 4173 843 4236 mitte
853 4173 989 4255 intrigbi,
1003 4174 1027 4234 li
1039 4174 1125 4253 quati
1136 4190 1190 4235 era
1202 4172 1377 4234 necessario
1389 4169 1446 4231 cbc
1462 4166 1565 4229 aranti
1578 4164 1609 4229 ta

446 4290 462 4325 v
482 4270 548 4333 mia
560 4272 675 4351 pertita
689 4272 720 4335 di
734 4292 797 4354 pus
812 4274 933 4338 tnsscro
945 4275 1044 4337 sciotti
1061 4292 1079 4337 e
1092 4273 1218 4354 spediti:
1236 4271 1266 4334 la
1284 4271 1436 4351 prossima
1450 4265 1612 4328 settimana

445 4390 462 4423 r
482 4367 603 4433 inrierb
620 4371 633 4433 i
654 4372 728 4435 miei
747 4374 850 4437 arnesi
871 4392 890 4435 a
911 4372 1045 4434 Veneria
1066 4389 1121 4453 pcr
1145 4367 1339 4449 consegnarli
1366 4367 1398 4428 al
1417 4364 1612 4436 conduttore,

447 4490 462 4523 s
483 4486 501 4529 e
520 4468 546 4532 il
568 4469 584 4531 1
606 4489 628 4534 o
646 4471 671 4534 il
689 4472 711 4535 2
730 4473 761 4535 di
792 4472 983 4546 settembre,
1002 4471 1153 4552 pinsendo
1179 4469 1211 4532 at
1230 4468 1373 4548 signore,
1402 4465 1446 4527 sni
1479 4466 1610 4526 motterd

445 4590 461 4623 ι
482 4567 515 4630 in
536 4568 659 4651 siagrio
677 4590 734 4653 per
752 4577 866 4637 cotesta
889 4571 982 4644 volta,
1001 4588 1019 4632 o
1041 4570 1073 4631 in
1093 4585 1239 4631 carrozaa
1260 4567 1304 4628 mi
1331 4563 1488 4628 condurrd
1507 4562 1571 4625 tino
1592 4581 1611 4625 a

444 4692 461 4725 Ι
482 4669 634 4752 Boiognu
654 4672 679 4736 it
698 4680 781 4738 resto
793 4673 843 4736 dot
856 4671 1031 4744 cammino,
1042 4686 1104 4732 non
1114 4665 1337 4748 comportando
1352 4665 1385 4728 ls
1400 4664 1464 4727 mia
1476 4663 1612 4742 indispo

444 4773 599 4839 «sutore
619 4775 670 4840 cb’
680 4774 713 4841 io
742 4775 775 4839 to
800 4790 891 4856 possa
913 4771 978 4835 tare
1000 4787 1057 4850 per
1083 4770 1109 4833 st
1135 4764 1231 4849 tunpa
1254 4784 1273 4829 e
1297 4762 1424 4831 iatioosa
1457 4761 1561 4918 s=r⁷ada
1593 4778 1610 4822 a
