4109 5934
818 735 859 783 on
882 735 966 782 iovis
990 733 1206 781 semiustus
1515 716 1580 782 439

446 868 539 935 tenda
560 868 722 934 abstinuit.
750 864 858 943 Quare
892 884 932 929 ne
967 883 1055 929 nunc
1089 882 1213 947 quoque
1234 864 1456 945 retutationem
1476 864 1581 946 potius

409 973 411 975 ¹
442 1005 538 1070 quam
560 986 828 1069 confirmationem
847 985 1020 1047 instituisse
1042 982 1162 1055 uidear,
1184 983 1227 1046 ad
1248 983 1334 1064 ipsas
1356 999 1442 1046 meas
1473 983 1582 1046 obser-

442 1104 584 1191 uationes
607 1111 726 1166 rectam
747 1118 795 1163 me
819 1101 954 1180 contero.
981 1097 1087 1163 Tuum
1110 1101 1181 1171 erit,
1201 1101 1304 1174 tector,
1323 1101 1379 1164 itae
1398 1119 1483 1165 meas
1507 1121 1580 1165 eum

445 1219 604 1288 uacuus
628 1220 823 1301 conterruit
841 1219 932 1282 modo
953 1217 1063 1281 iisdeen
1084 1218 1191 1282 dietim
1206 1220 1232 1281 is
1249 1220 1468 1291 observaverit,
1486 1238 1581 1284 suas·

441 1359 502 1423 que
534 1339 672 1404 ediderit.
704 1334 789 1400 Nam
819 1338 904 1400 testis
943 1344 986 1398 est
1010 1337 1087 1398 mitti
1124 1335 1232 1416 Propo
1253 1338 1310 1400 uas
1333 1355 1416 1400 meas
1440 1339 1481 1401 cd
1517 1335 1582 1401 Ga·

445 1456 572 1520 titoenm
593 1471 658 1518 non
680 1455 814 1529 missas,
837 1471 931 1534 eoque
956 1471 994 1515 ne
1017 1452 1131 1532 scripsi
1160 1452 1285 1534 quidem
1310 1454 1351 1517 ad
1374 1455 1480 1535 ipsum
1502 1457 1583 1517 inte·

444 1592 512 1648 reo,
534 1573 677 1656 quemme
699 1572 948 1653 respondendum
966 1582 1042 1635 erat
1061 1570 1182 1636 Caeteri
1197 1590 1271 1636 cero
1284 1582 1411 1653 praeter
1432 1575 1586 1637 nuncium

447 1691 493 1755 sei
513 1690 550 1753 in
571 1707 690 1771 penere,
708 1690 900 1770 perscribere
923 1708 965 1753 ec
987 1689 1105 1752 chartis
1132 1690 1215 1753 domi
1237 1708 1324 1753 meae
1351 1691 1492 1770 repositis
1511 1692 1589 1753 niteit

445 1815 640 1889 potuerunt:
662 1807 711 1871 uti
733 1825 790 1870 nee
814 1807 854 1869 ab
876 1807 928 1869 itio
951 1805 994 1870 ad
1015 1823 1064 1868 me
1086 1807 1168 1868 mitti
1198 1805 1241 1868 ad
1275 1806 1360 1869 nunc
1383 1824 1485 1888 usque
1508 1807 1586 1869 diem

446 1933 617 2007 potuerunt
639 1924 869 1990 obseruationes
903 1925 1025 1987 dierum
1058 1925 1189 1988 omnino
1218 1926 1445 2005 proximorum.
1472 1922 1587 2007 Itaque

448 2054 552 2110 certus
573 2062 639 2109 esse
658 2053 767 2126 potes,
788 2044 870 2116 ,ninii
891 2044 1130 2107 cosnmunicatis
1153 2043 1219 2122 peri
1243 2043 1393 2105 consitiis.
1427 2040 1519 2117 Quod
1539 2045 1569 2106 si
1581 2092 1589 2116 ‚

448 2163 551 2237 aecor,
573 2163 716 2228 inuenies
738 2163 879 2244 utiquam
900 2162 979 2224 situs
1004 2159 1262 2241 discrepantiam,
1288 2169 1344 2222 aut
1362 2163 1400 2234 si,
1416 2169 1452 2222 ut
1466 2162 1588 2241 opinor,

446 2282 608 2364 pauciores
630 2281 790 2346 interdum
812 2282 925 2344 vidisse
948 2298 995 2342 me
1021 2279 1244 2361 deprehendes,
1267 2297 1363 2360 quam
1392 2276 1589 2343 Gatitaeum:

450 2399 483 2465 id
501 2401 589 2466 circa
608 2418 678 2465 rem
698 2403 799 2482 ipsam
822 2409 851 2464 te
875 2419 940 2464 non
963 2400 1077 2462 turbet.
1098 2397 1209 2463 Prima
1232 2401 1315 2461 enim
1338 2400 1411 2462 noer
1433 2415 1505 2463 mea
1525 2417 1586 2460 eu·

450 2517 588 2581 dimenta
610 2527 686 2583 sunt
708 2517 803 2597 nujus
827 2518 949 2596 pencris
967 2516 1244 2588 observationum:
1265 2517 1383 2580 coetum
1402 2517 1586 2599 pierumque

449 2637 513 2717 tuit
548 2636 721 2711 nucitum,
761 2634 856 2699 Luna
888 2653 1037 2717 praesens
1070 2636 1235 2714 nepocium
1268 2636 1430 2708 exhibuit,
1465 2636 1590 2698 instru-

451 2763 592 2819 mentum
619 2754 683 2835 [uit
713 2771 769 2817 nee
799 2754 949 2834 optimum
981 2771 1038 2815 nec
1069 2752 1374 2827 commodissimum,
1400 2755 1588 2816 sustentatio

452 2873 655 2936 instrumenti
686 2874 721 2935 in
755 2873 820 2935 situ
851 2873 1004 2946 immoto,
1038 2880 1067 2935 et
1099 2871 1295 2952 deprehensio
1335 2874 1469 2954 quaesiti
1501 2873 1587 2937 Joois

452 2990 652 3073 difficillimas
686 3010 740 3054 nec
763 2992 974 3054 instrumento
1008 2990 1143 3053 distineri
1175 3000 1205 3053 et
1240 2993 1406 3053 numeravi
1438 2992 1587 3055 minuta:

451 3119 616 3174 cantentur
653 3111 687 3172 in
726 3118 790 3173 tam
829 3109 914 3172 irem
954 3118 1090 3189 tempore
1127 3109 1344 3173 aestimatione
1381 3109 1586 3172 instrumenti

455 3244 572 3291 crosso.

543 3344 650 3409 Mense
662 3344 809 3426 Aupusto
824 3343 1116 3408 Reuerendissimus
1131 3354 1161 3406 et
1181 3343 1409 3409 serenissimus
1423 3347 1589 3428 Arctiepi·
1710 3398 1713 3402 Α

454 3479 565 3545 scopus
586 3462 788 3539 Coloniensis‚
810 3462 946 3538 Elector,
970 3473 1000 3527 et
1024 3462 1184 3526 Baoariae
1208 3461 1295 3535 Deam,
1322 3463 1503 3536 Ernestus.
1531 3474 1588 3528 etc.

460 3578 576 3644 tunna
595 3581 745 3647 Austriae
764 3581 868 3647 rediero
884 3583 1131 3645 instrumentum
1146 3581 1225 3643 mitti
1253 3581 1479 3656 commodarit,
1506 3583 1590 3665 quod

453 3718 475 3763 a
492 3695 631 3764 Gatiiaec
654 3699 713 3762 sitsi
735 3701 867 3763 russum
900 3699 1042 3769 mesot:
1075 3698 1160 3779 qnod
1187 3699 1251 3778 ipse
1279 3699 1403 3780 quidem
1425 3699 1495 3762 otiis
1518 3701 1591 3782 pui-

455 3815 597 3890 iusdcm,
616 3835 696 3897 puae
715 3834 820 3880 secum
837 3817 982 3891 habebat,
1003 3835 1045 3880 ea
1066 3815 1283 3880 commoditate
1305 3833 1401 3897 quom
1432 3817 1497 3896 ipse
1520 3817 1592 3879 inde

454 3932 586 3999 umato
615 3944 748 4016 caperet,
770 3935 859 4014 lonpe
881 3938 1067 4017 postposuit:
1088 3944 1216 4019 questus
1238 3935 1340 3999 stettos
1358 3937 1591 4016 repraesentari

454 4052 702 4134 anodranputas.

545 4168 660 4254 Itaque
683 4190 775 4235 mane
791 4173 853 4237 diei
872 4174 914 4240 30
927 4171 1079 4254 Aupusti,
1099 4173 1178 4256 ctpto
1195 4192 1287 4247 noea,
1301 4172 1409 4238 Jooem
1427 4176 1510 4238 inter
1528 4191 1593 4235 nu·

457 4288 517 4351 tsita
537 4305 609 4352 sum
631 4290 868 4372 contemplatus,
889 4302 1053 4373 praesente
1078 4291 1267 4372 Beniamino
1299 4289 1425 4363 Ursino,
1448 4301 1593 4356 astrono-

455 4408 536 4471 miae
558 4407 719 4491 studioso:
742 4411 799 4491 qui
821 4429 893 4473 cum
916 4421 1017 4473 artem
1041 4420 1122 4473 amet
1138 4419 1167 4471 et
1184 4426 1329 4473 emersere
1350 4409 1593 4490 pnitosopnondo

455 4523 651 4586 instituerit:
674 4543 875 4607 nequaqnam
899 4528 1013 4606 sopitat
1038 4525 1150 4608 fidem,
1173 4543 1255 4606 quae
1277 4536 1457 4588 astronomo
1478 4525 1592 4605 sutura

457 4648 501 4701 est
526 4643 711 4712 necessaria.
734 4643 841 4706 statim
863 4661 884 4705 a
904 4641 1061 4722 principio
1082 4640 1163 4722 [also
1185 4640 1246 4704 utto
1270 4640 1384 4704 indicio
1416 4639 1592 4722 decoquere.

460 4755 503 4818 Et
527 4760 611 4820 visus
636 4779 691 4840 epo
714 4780 784 4823 sum
807 4761 910 4825 cidere
933 4759 1086 4824 stetintam
1117 4760 1301 4824 orientatem
1319 4779 1339 4823 a
1360 4758 1457 4834 doce,
1480 4777 1595 4824 seeun-
