4109 5934
442 752 508 818 118
830 763 1026 809 ocsscocnmo
1052 763 1187 809 cccccccccc

442 901 534 982 poco·
556 899 724 963 recondito.
749 898 815 960 Cur
837 898 938 976 icitur
961 895 1063 959 nullae
1088 898 1161 959 tales
1186 897 1294 976 lonpns
1318 898 1353 958 in
1378 895 1474 960 Luna
1512 916 1582 962 ma-

334 1044 336 1054 ·
440 1018 527 1082 culos
548 1015 681 1099 prodis?
702 1033 761 1078 cuc
781 1016 942 1096 plerasque
965 1012 1083 1077 circulo
1105 1014 1366 1079 circumductos?
1393 1013 1491 1079 Anne
1514 1018 1582 1082 licet

441 1137 625 1217 conjecturis
649 1134 828 1215 induique,
852 1133 980 1197 Lunam
1002 1133 1099 1198 veluti
1119 1135 1278 1213 pumicem
1300 1135 1460 1216 quendam
1497 1154 1582 1210 esse.

440 1254 636 1318 creberrimis
652 1261 681 1314 et
702 1251 850 1316 maximis
874 1252 959 1330 pocis
995 1250 1135 1332 undique
1168 1251 1404 1316 dehiscentem?
1440 1251 1579 1318 Patieris

440 1373 524 1435 enim
545 1388 645 1451 aequo
668 1371 795 1444 animo,
819 1375 855 1431 ut
878 1369 926 1431 lic
946 1386 1003 1449 per
1024 1371 1219 1433 occasionem
1240 1370 1363 1452 aliquid
1397 1372 1579 1451 indulpeam

439 1491 699 1572 speculationibus
722 1491 807 1562 meis,
828 1488 1075 1555 Commentario
1097 1491 1137 1554 de
1160 1489 1287 1561 Macte,
1312 1507 1384 1572 cap.
1424 1489 1583 1554 XXXW

397 1639 399 1642 ⁴
439 1610 484 1691 [ol
516 1610 579 1674 157
601 1608 788 1690 propositis:
810 1607 865 1670 ulei
887 1625 927 1670 cc
954 1625 990 1671 eo
1024 1608 1108 1688 quod
1142 1606 1236 1672 Luna
1270 1627 1291 1672 o
1329 1606 1453 1673 Tellure
1489 1609 1580 1693 duplo

441 1728 568 1791 celemus
591 1728 758 1797 incilctur,
782 1745 878 1807 qnam
897 1735 1004 1806 partes
1027 1728 1113 1807 ipsce
1142 1726 1273 1792 Telluris
1296 1728 1435 1791 ectimae
1457 1729 1493 1791 in
1517 1731 1581 1793 eir·

440 1847 509 1910 cnlo
529 1855 713 1927 cccccccccc:
735 1844 859 1923 collepi,
892 1845 1003 1908 lunare
1027 1856 1138 1927 corpus
1161 1863 1225 1908 esse
1247 1863 1359 1909 ccccm
1387 1846 1578 1921 admodum.

441 1965 583 2047 quodque
598 1966 715 2045 ccciccc
730 1966 879 2028 materiae
899 1983 1022 2046 paucae
1046 1967 1245 2029 contumacia
1258 1965 1446 2048 praeditum.
1471 1971 1581 2049 raptui

423 2143 427 2150 ,
445 2082 573 2147 Telluris
597 2101 659 2146 non
683 2084 819 2148 multum
839 2085 976 2147 resistat.

537 2200 744 2265 Veruntamen
770 2205 845 2266 inec
869 2202 919 2286 (de
943 2204 1092 2267 absolutis
1109 2206 1298 2268 cauliculus
1324 2222 1389 2269 non
1409 2221 1466 2286 pec
1485 2222 1576 2269 mon·

440 2331 483 2383 tes
504 2319 665 2403 somatis)
690 2322 772 2385 tanti
794 2339 859 2384 non
882 2330 969 2396 sunt,
992 2331 1026 2384 ul
1051 2322 1079 2384 si
1091 2322 1193 2401 juata
1215 2331 1287 2385 tuos
1310 2330 1475 2404 sequentes
1499 2341 1578 2386 nar·

439 2441 575 2501 cotiones
595 2449 678 2501 stare
697 2440 826 2502 omnino
844 2448 1011 2521 nequeant,
1024 2440 1230 2520 pertinaciter
1247 2439 1442 2522 defendenda
1458 2448 1577 2521 putens.

441 2555 524 2620 Nam
547 2555 726 2619 clarissimis
749 2558 968 2637 experimentis
992 2557 1055 2636 lepe
1075 2556 1167 2638 plane
1189 2558 1291 2638 cptisa
1317 2557 1483 2622 reddidisti
1503 2575 1577 2621 con·

439 2674 703 2758 firmatissimum,
726 2675 761 2735 in
785 2673 893 2737 lunari
918 2693 1045 2756 corpore
1068 2675 1182 2739 multos
1202 2692 1261 2758 per
1282 2676 1419 2739 lucidam
1431 2684 1579 2756 poneris,

438 2791 621 2870 praesertim
640 2791 788 2870 inferius,
806 2808 993 2870 consurpece
1008 2794 1109 2873 apices
1126 2793 1229 2854 instar
1244 2792 1474 2856 altissimorum
1489 2810 1579 2857 mon·

442 2909 521 2970 tium
544 2915 669 2970 ccciccc
697 2904 852 2978 Telluris,
874 2910 930 2990 qui
952 2911 1048 2989 primi
1070 2893 1197 2974 orientis
1226 2911 1259 2971 in
1287 2906 1383 2974 Luna
1407 2909 1493 2974 Solis
1516 2912 1579 2974 luce

440 3026 608 3106 prematur,
631 3044 728 3108 eaque
752 3026 808 3088 tili
829 3025 1002 3106 perspicillo
1024 3035 1078 3090 tuo
1101 3029 1202 3091 utenti
1224 3027 1421 3115 delepantur.

534 3143 621 3221 Ouid
636 3146 708 3224 jam
730 3145 832 3208 dicam
865 3146 900 3209 de
935 3154 990 3209 tuo
1012 3163 1107 3227 super
1129 3147 1270 3228 amicicie
1300 3148 1437 3212 maculis
1472 3147 1579 3212 Lunae

443 3264 650 3343 disputatione
674 3264 901 3326 exactissima?
925 3262 1004 3326 Cum
1026 3263 1078 3343 fol.
1103 3265 1166 3328 251
1201 3263 1288 3328 Libri
1311 3267 1370 3328 mei
1393 3270 1579 3330 sententiam

446 3380 609 3442 l'lutacclci
633 3381 857 3454 adduxissem,
881 3382 991 3446 Lunae
1014 3383 1153 3445 maculas
1182 3384 1249 3445 illas
1281 3385 1430 3465 antiquas
1451 3403 1514 3465 pro
1537 3387 1576 3447 lo·

442 3503 538 3564 ciclus
561 3522 616 3564 seu
640 3504 778 3566 maribus
802 3505 957 3576 nolentis,
981 3503 1096 3565 lucidas
1119 3514 1223 3583 portes
1246 3522 1305 3585 pro
1328 3506 1580 3568 continentibus:

444 3639 506 3682 non
532 3623 674 3684 dubitavi
696 3641 743 3685 me
767 3640 940 3703 opponere,
975 3632 1002 3682 ct
1040 3624 1201 3686 contraria
1223 3625 1345 3686 catione
1380 3626 1414 3685 in
1451 3625 1578 3686 macsslis

443 3740 645 3811 commences,
664 3741 697 3800 in
715 3740 817 3801 lucida
834 3741 971 3817 puritate
995 3739 1136 3800 lcumocis
1161 3740 1221 3800 cim
1243 3756 1376 3821 ponere:
1398 3759 1466 3821 qua
1488 3743 1525 3802 in
1548 3758 1579 3802 re

443 3859 520 3918 milti
550 3855 749 3919 chlsleecius
773 3857 860 3919 oaldc
882 3857 1071 3938 applaudere
1089 3866 1133 3918 est
1152 3857 1270 3920 solitus.
1292 3856 1441 3939 Adeoque
1465 3859 1512 3920 ltis
1535 3859 1580 3918 di·

443 3975 672 4053 opinationibus
700 3975 855 4053 superiori
878 3985 992 4036 acslctc
1017 3975 1203 4037 indulsimus
1229 3976 1331 4057 (credo
1355 3976 1441 4056 quod
1463 3985 1578 4037 natura

442 4112 496 4170 pec
521 4112 575 4155 nos
599 4092 703 4153 eadem
725 4093 920 4162 moliebatur.
944 4110 1024 4172 quae
1047 4112 1102 4172 pec
1128 4091 1304 4158 Galilaeum
1327 4095 1464 4157 obtinuit
1485 4091 1579 4173 paulo

441 4210 526 4292 post)
549 4220 582 4271 ut
607 4211 641 4269 in
666 4211 762 4290 ipsine
794 4209 967 4272 Waclclccii
985 4212 1132 4290 pruciam,
1156 4214 1249 4274 etiam
1271 4213 1500 4275 astronomiam
1524 4226 1579 4272 no·

444 4344 537 4398 cam,
562 4328 654 4406 qnasi
674 4343 731 4407 pco
756 4328 871 4407 linqui
895 4328 927 4387 in
954 4326 1048 4390 Luno
1076 4329 1242 4399 habitant,
1264 4327 1418 4409 planeque
1443 4325 1581 4407 Geoqra·

442 4446 547 4522 pleiam
575 4445 734 4526 quondam
765 4446 910 4509 lunarem
940 4447 1123 4519 conderem,
1147 4447 1239 4525 cujus
1263 4446 1346 4508 inter
1373 4446 1582 4528 fundamenlc

443 4575 470 4623 es
494 4564 549 4628 loc
573 4574 662 4638 erat,
685 4566 825 4629 maculas
861 4584 924 4629 esse
957 4567 1174 4638 continentes,
1197 4564 1316 4628 lucidas
1335 4574 1445 4645 partes
1467 4564 1579 4627 mario.

447 4675 532 4753 Ouid
554 4685 776 4755 monopolii,
806 4695 840 4746 nt
876 4686 923 4746 liic
948 4684 1100 4749 Plutarcc
1123 4682 1390 4761 contradicerem,
1413 4683 1516 4746 cidere
1539 4688 1579 4743 est

442 4795 580 4876 [01251
607 4799 693 4883 Lilni
715 4803 793 4871 cccci,
822 4805 1069 4881 ecpecimcntum
1092 4788 1204 4865 scilicet
1233 4802 1276 4864 ili
1305 4801 1474 4883 ollepclum
1500 4797 1579 4882 quod
