4109 5934
465 739 529 802 bbb
828 756 855 800 s.
875 753 989 799 ruane
1007 752 1222 799 assensisses

463 887 657 968 argumentis
680 884 873 965 respondere.
910 881 1015 965 Neque
1039 883 1123 946 enim
1144 900 1256 946 oerum
1288 899 1363 946 vero
1397 885 1597 957 contradicit,

463 1022 561 1085 neque
585 1002 710 1084 effectus
734 1018 864 1073 causae:
886 1018 960 1080 erpo
982 1019 1039 1064 nec
1062 1001 1194 1064 scientio
1216 1002 1358 1065 bumana
1382 1000 1521 1078 diuinos,
1541 1021 1596 1067 nec

457 1140 551 1203 opera
576 1119 635 1183 Dei
659 1120 733 1193 beo,
756 1128 791 1184 ut
815 1138 855 1182 eu
875 1118 1013 1183 Concilio
1032 1117 1238 1183 helmanensi
1258 1119 1317 1182 sub
1341 1117 1448 1185 Leone
1472 1118 1503 1182 X
1535 1121 1595 1184 ota

461 1257 634 1302 monemur.
658 1235 857 1319 Quapropter
883 1236 921 1300 D.
949 1235 1084 1301 Tbomas
1106 1239 1140 1299 in
1163 1237 1311 1318 opusculo
1339 1246 1459 1301 contra
1488 1239 1593 1329 inpu-

461 1366 592 1437 anantes
616 1356 807 1436 edicionem,
820 1365 988 1436 propterea
1003 1355 1087 1437 quad
1104 1355 1218 1437 [ratres
1235 1356 1385 1420 scientiae
1401 1366 1433 1418 et
1450 1357 1594 1439 eloquen-

462 1477 522 1538 tiae
540 1473 672 1537 seculari
690 1489 815 1554 operam
830 1472 953 1545 darent,
970 1473 1105 1537 ostendit
1120 1491 1169 1537 eos
1188 1490 1251 1536 esse
1266 1490 1389 1548 coecos,
1408 1492 1469 1538 nec
1486 1474 1593 1541 nidere.

460 1610 557 1674 qnam
579 1592 782 1665 necessariae,
805 1590 921 1654 nedum
939 1590 1031 1655 utiles
1053 1592 1116 1653 sint
1141 1591 1288 1661 scientiae
1319 1589 1594 1672 theobaudum

460 1708 528 1772 ideo
543 1708 687 1790 quamuis
711 1706 862 1786 ibeolopio
879 1716 1021 1788 respectu
1038 1709 1089 1788 sni
1107 1724 1172 1770 non
1194 1715 1281 1787 epeot
1295 1708 1545 1788 probationibus
1559 1727 1594 1772 ec

459 1825 592 1889 scientia
614 1825 756 1887 bumana
786 1823 965 1906 desumptis,
989 1833 1095 1889 tomen
1118 1833 1257 1904 respectu
1279 1825 1384 1888 nostri
1406 1825 1544 1907 indicet,
1563 1836 1592 1888 nt

458 1943 641 2007 roboremur
662 1950 692 2003 et
714 1940 921 2020 inteltipamus
944 1959 985 2005 eso
1001 1940 1195 2005 sensibilibus
1212 1949 1243 2004 et
1260 1941 1474 2006 naturalibus
1488 1960 1593 2024 seper·

458 2060 631 2125 naturalia.
655 2057 700 2123 Et
719 2059 875 2142 probatur
898 2061 1072 2124 testimonio
1093 2058 1268 2139 Aupustt'ni
1290 2068 1320 2123 et
1349 2057 1539 2126 Hieronimi
1566 2071 1591 2123 et

458 2177 595 2259 Dionisip'
628 2188 657 2241 et
680 2179 813 2243 ubuum
828 2186 967 2259 patrum,
990 2179 1047 2259 qui
1070 2180 1125 2242 boc
1147 2177 1328 2258 [oriendum
1351 2177 1534 2243 doenum
1563 2189 1590 2263 et

454 2296 606 2376 [acuunt.
635 2296 677 2361 Ut
705 2297 856 2368 nescius,
875 2296 921 2358 ait
951 2293 1042 2359 Hier.
1065 2296 1099 2358 in
1121 2296 1208 2377 epist.
1230 2294 1272 2358 ad
1294 2294 1485 2376 Moenum,
1516 2295 1589 2377 quid

456 2414 547 2493 prius
570 2413 604 2476 iu
628 2412 693 2477 iilis
717 2412 873 2475 admirari
898 2411 1026 2484 debeas,
1046 2410 1265 2475 eruditionem
1285 2412 1406 2487 seculi,
1421 2430 1469 2476 uu
1487 2413 1589 2476 soien-

454 2532 537 2594 tiam
570 2531 825 2610 scripturarum:
859 2528 1004 2610 additque
1039 2526 1221 2608 Aposlolum
1252 2526 1399 2592 Paulum
1427 2538 1586 2611 propterea

451 2657 560 2728 poetes
582 2657 611 2709 et
633 2648 824 2729 pbilosopbos
842 2647 957 2726 iecisse,
984 2664 1062 2729 quos
1084 2648 1178 2710 etiam
1200 2647 1274 2710 citat
1297 2663 1402 2728 saepe.
1435 2645 1483 2711 Et
1507 2644 1585 2710 Gre-

454 2765 561 2847 porius
596 2765 630 2826 in
653 2765 834 2840 moralibus,
857 2764 933 2828 iilud
956 2763 1038 2840 Jobi,
1061 2765 1118 2846 qui
1141 2763 1220 2829 iacit
1241 2769 1419 2830 arcturum
1443 2771 1477 2830 et
1499 2766 1585 2829 orio-

453 2900 540 2958 nem,
551 2900 720 2964 seponens,
734 2883 769 2945 de
783 2883 939 2964 sapientia
953 2891 1206 2947 astronomorum
1219 2881 1413 2947 secularium
1422 2892 1583 2965 accepim

451 3001 536 3065 dicit.
550 2998 632 3064 Item
648 2999 782 3081 probant
793 3008 897 3078 patres
915 3009 943 3062 et
963 2997 1002 3062 D.
1023 2997 1053 3061 Τ
1050 3000 1158 3064 bontas
1169 3002 1203 3062 in
1213 2997 1238 3075 1.
1255 2996 1383 3075 Quaeri
1398 3000 1482 3073 1,ae
1496 2999 1582 3062 dicto

451 3117 644 3185 Solomonis:
666 3117 807 3183 Vocavit
829 3116 1000 3197 sapientia,
1022 3115 1056 3180 id
1076 3127 1120 3180 est
1139 3117 1301 3197 tbeotapia,
1320 3116 1470 3192 ancillas.
1483 3115 1518 3179 id
1534 3124 1580 3179 'est

448 3238 616 3311 scientias,
646 3232 925 3297 adaroem.1mo
951 3235 1097 3297 scientias
1125 3252 1188 3297 esse
1218 3236 1252 3297 in
1285 3241 1450 3315 praecepto
1472 3237 1580 3313 ceneri

449 3355 597 3425 bumana,
621 3371 683 3415 non
707 3360 813 3415 autern
838 3351 998 3414 individuo
1021 3353 1094 3414 buic
1117 3352 1164 3414 nel
1188 3351 1388 3426 illicitorum
1417 3361 1474 3415 est.
1499 3349 1576 3415 Nom

446 3472 519 3549 {ecit
545 3470 627 3533 Deus
650 3472 814 3540 bominem,
839 3481 874 3531 ut
901 3469 1001 3532 Decem
1024 3481 1227 3548 capnosceret,
1250 3471 1468 3548 capnoscendo
1490 3488 1574 3533 amo·

447 3596 502 3660 ret,
525 3597 553 3650 et
575 3589 710 3650 amando
732 3589 910 3668 frueretur:
933 3597 961 3649 et
987 3595 1148 3667 propterea
1174 3588 1358 3649 sensitivum
1380 3598 1412 3651 et
1436 3590 1572 3652 rationo·

447 3703 513 3764 lem.
537 3701 575 3765 Si
597 3713 703 3768 antem
726 3705 809 3765 ratio
832 3703 873 3766 ad
894 3681 1039 3766 scientias
1074 3702 1176 3776 valet,
1199 3712 1310 3766 contra
1345 3706 1491 3768 ordinem
1519 3703 1571 3766 Ilei

446 3823 624 3885 naturalem
645 3822 722 3901 facit
746 3823 844 3893 leorae,
870 3823 932 3884 nui
955 3824 1010 3884 boc
1034 3822 1114 3885 dono
1140 3822 1197 3885 bei
1220 3840 1260 3890 ex
1287 3823 1440 3887 instituto
1474 3824 1569 3886 divino

442 3950 564 4011 utatur,
580 3949 615 4001 ut
631 3937 704 4001 solet
729 3957 861 4018 orauere
887 3939 1134 4020 Cbrysostornus,
1155 3939 1248 4021 plane
1271 3941 1368 4003 sicuti
1389 3938 1569 4022 pedibusad

441 4059 667 4123 ambulandum
690 4059 737 4119 uti
764 4059 866 4120 nollet.
904 4057 991 4121 Unde
1027 4058 1228 4123 Aristoteles:
1262 4060 1390 4123 Omnes
1427 4061 1564 4125 homiues

442 4182 561 4239 natura
587 4176 670 4237 seire
695 4176 889 4237 desiderunt.
914 4175 957 4238 Et
981 4177 1117 4258 Moyses,
1142 4173 1252 4241 Genes.
1275 4178 1310 4240 b:
1335 4179 1455 4243 Posuit
1484 4178 1562 4240 [teus

440 4295 605 4356 bominem
629 4294 662 4355 iu
687 4294 849 4374 paradiso
868 4301 905 4357 ut
919 4304 1112 4375 operaretur
1128 4303 1160 4359 et
1175 4295 1358 4360 custodiret
1378 4297 1485 4361 iilum.
1498 4292 1561 4357 Hoc

438 4421 543 4473 autem
567 4429 630 4475 non
653 4421 719 4475 erat
753 4430 828 4492 opus
858 4415 1027 4490 manuale,
1051 4434 1106 4478 neo
1130 4415 1270 4497 custodia
1292 4414 1335 4476 ab
1357 4416 1565 4483 decimalibus:

440 4550 539 4613 quum
560 4534 676 4615 absque
700 4534 802 4596 labore
826 4552 866 4597 eoo
894 4543 1001 4615 sponte
1029 4535 1227 4599 nascentibus
1255 4543 1333 4596 tunc
1362 4536 1514 4604 uiuerent.
1539 4541 1563 4594 et

439 4659 553 4714 cuneta
575 4635 724 4716 animalia
746 4652 792 4714 illi
813 4652 987 4716 obedirent:
1011 4653 1066 4716 sed
1087 4663 1155 4716 erat
1177 4669 1254 4733 opus
1272 4652 1499 4731 speculationis
1517 4669 1563 4712 re-

438 4786 520 4837 runt,
543 4779 570 4830 et
594 4771 765 4833 obseruatio
788 4772 961 4834 coelestium
986 4790 1022 4834 ac
1047 4773 1262 4843 naturalium,
1286 4789 1327 4834 esc
1354 4770 1560 4835 admiratione
