<?xml version="1.0" encoding="UTF-8"?>
<!DOCTYPE html PUBLIC "-//W3C//DTD XHTML 1.0 Transitional//EN"
    "http://www.w3.org/TR/xhtml1/DTD/xhtml1-transitional.dtd">
<html xmlns="http://www.w3.org/1999/xhtml" xml:lang="en" lang="en">
 <head>
  <title>
</title>
<meta http-equiv="Content-Type" content="text/html;charset=utf-8" />
  <meta name='ocr-system' content='tesseract 3.04.00' />
  <meta name='ocr-capabilities' content='ocr_page ocr_carea ocr_par ocr_line ocrx_word'/>
</head>
<body>
  <div class='ocr_page' id='page_1' title='image "./leoperedigalile01vivigoog_0410.png"; bbox 0 0 4109 5934; ppageno 0'>
   <div class='ocr_carea' id='block_1_1' title="bbox 759 726 1583 792">
    <p class='ocr_par' dir='ltr' id='par_1_1' title="bbox 759 726 1583 792">
     <span class='ocr_line' id='line_1_1' title="bbox 759 726 1583 792; baseline 0.007 -6"><span class='ocrx_word' id='word_1_1' title='bbox 759 739 934 788; x_wconf 76' lang='lat' dir='ltr'><strong><em>rrnursrrs</em></strong></span> <span class='ocrx_word' id='word_1_2' title='bbox 959 738 998 784; x_wconf 76' lang='lat' dir='ltr'><strong><em>aa</em></strong></span> <span class='ocrx_word' id='word_1_3' title='bbox 1023 739 1183 785; x_wconf 69' lang='lat' dir='ltr'><strong><em>tzourruuo</em></strong></span> <span class='ocrx_word' id='word_1_4' title='bbox 1204 741 1286 786; x_wconf 76' lang='lat' dir='ltr'><strong><em>surm</em></strong></span> <span class='ocrx_word' id='word_1_5' title='bbox 1520 726 1583 792; x_wconf 75' lang='lat'><strong><em>303</em></strong></span> 
     </span>
    </p>
   </div>
   <div class='ocr_carea' id='block_1_2' title="bbox 821 987 1219 1054">
    <p class='ocr_par' dir='ltr' id='par_1_2' title="bbox 821 987 1219 1054">
     <span class='ocr_line' id='line_1_2' title="bbox 821 987 1219 1054; baseline -0.013 0"><span class='ocrx_word' id='word_1_6' title='bbox 821 988 956 1054; x_wconf 79' lang='lat' dir='ltr'>CAPUT</span> <span class='ocrx_word' id='word_1_7' title='bbox 979 987 1219 1053; x_wconf 85' lang='lat' dir='ltr'>SECUNDUM.</span> 
     </span>
    </p>
   </div>
   <div class='ocr_carea' id='block_1_3' title="bbox 754 1241 1273 1288">
    <p class='ocr_par' dir='ltr' id='par_1_3' title="bbox 754 1241 1273 1288">
     <span class='ocr_line' id='line_1_3' title="bbox 754 1241 1273 1288; baseline -0.008 0"><span class='ocrx_word' id='word_1_8' title='bbox 754 1242 794 1288; x_wconf 76' lang='lat' dir='ltr'><strong><em>DE</em></strong></span> <span class='ocrx_word' id='word_1_9' title='bbox 817 1241 941 1288; x_wconf 69' lang='lat' dir='ltr'><strong><em>nanno</em></strong></span> <span class='ocrx_word' id='word_1_10' title='bbox 966 1241 1048 1288; x_wconf 73' lang='lat' dir='ltr'><strong><em>lovis</em></strong></span> <span class='ocrx_word' id='word_1_11' title='bbox 1072 1241 1273 1288; x_wconf 68' lang='lat' dir='ltr'><strong><em>Sardoum.</em></strong></span> 
     </span>
    </p>
   </div>
   <div class='ocr_carea' id='block_1_4' title="bbox 448 1454 1582 2358">
    <p class='ocr_par' dir='ltr' id='par_1_4' title="bbox 448 1454 1582 2358">
     <span class='ocr_line' id='line_1_4' title="bbox 541 1454 1582 1541; baseline 0.002 -20"><span class='ocrx_word' id='word_1_12' title='bbox 541 1454 686 1540; x_wconf 74' lang='lat' dir='ltr'><strong><em>Repetita</em></strong></span> <span class='ocrx_word' id='word_1_13' title='bbox 710 1456 832 1538; x_wconf 85' lang='lat' dir='ltr'><strong><em>saepius</em></strong></span> <span class='ocrx_word' id='word_1_14' title='bbox 853 1454 1046 1521; x_wconf 72' lang='lat' dir='ltr'><strong><em>Lateranum</em></strong></span> <span class='ocrx_word' id='word_1_15' title='bbox 1078 1455 1164 1520; x_wconf 77' lang='lat' dir='ltr'><strong><em>iouis</em></strong></span> <span class='ocrx_word' id='word_1_16' title='bbox 1187 1457 1421 1532; x_wconf 79' lang='lat' dir='ltr'><strong><em>obseruatione,</em></strong></span> <span class='ocrx_word' id='word_1_17' title='bbox 1444 1467 1582 1541; x_wconf 89' lang='lat' dir='ltr'><strong><em>quatuor</em></strong></span> 
     </span>
     <span class='ocr_line' id='line_1_5' title="bbox 453 1570 1580 1657; baseline -0.002 -18"><span class='ocrx_word' id='word_1_18' title='bbox 453 1572 637 1639; x_wconf 68' lang='lat' dir='ltr'><strong><em>unimoda</em></strong></span> <span class='ocrx_word' id='word_1_19' title='bbox 649 1573 781 1638; x_wconf 74' lang='lat' dir='ltr'><strong><em>mutere</em></strong></span> <span class='ocrx_word' id='word_1_20' title='bbox 796 1572 1060 1638; x_wconf 81' lang='lat' dir='ltr'><strong><em>animadverterat</em></strong></span> <span class='ocrx_word' id='word_1_21' title='bbox 1076 1570 1247 1652; x_wconf 82' lang='lat' dir='ltr'><strong><em>Gaiitaeus,</em></strong></span> <span class='ocrx_word' id='word_1_22' title='bbox 1262 1574 1345 1657; x_wconf 90' lang='lat' dir='ltr'><strong><em>quod</em></strong></span> <span class='ocrx_word' id='word_1_23' title='bbox 1365 1582 1394 1638; x_wconf 96' lang='lat' dir='ltr'><strong><em>et</em></strong></span> <span class='ocrx_word' id='word_1_24' title='bbox 1418 1576 1580 1656; x_wconf 81' lang='lat' dir='ltr'><strong><em>nurusque</em></strong></span> 
     </span>
     <span class='ocr_line' id='line_1_6' title="bbox 452 1688 1580 1773; baseline 0 -19"><span class='ocrx_word' id='word_1_25' title='bbox 452 1697 567 1754; x_wconf 77' lang='lat' dir='ltr'><strong><em>eonem</em></strong></span> <span class='ocrx_word' id='word_1_26' title='bbox 580 1688 650 1770; x_wconf 76' lang='lat' dir='ltr'><strong><em>ianr</em></strong></span> <span class='ocrx_word' id='word_1_27' title='bbox 670 1697 716 1754; x_wconf 91' lang='lat' dir='ltr'><strong><em>tot</em></strong></span> <span class='ocrx_word' id='word_1_28' title='bbox 735 1706 895 1754; x_wconf 89' lang='lat' dir='ltr'><strong><em>annorum</em></strong></span> <span class='ocrx_word' id='word_1_29' title='bbox 916 1689 1070 1765; x_wconf 69' lang='lat' dir='ltr'><strong><em>mauron,</em></strong></span> <span class='ocrx_word' id='word_1_30' title='bbox 1104 1698 1258 1773; x_wconf 87' lang='lat' dir='ltr'><strong><em>auetnqne</em></strong></span> <span class='ocrx_word' id='word_1_31' title='bbox 1293 1691 1440 1755; x_wconf 79' lang='lat' dir='ltr'><strong><em>tutorum</em></strong></span> <span class='ocrx_word' id='word_1_32' title='bbox 1471 1692 1580 1773; x_wconf 75' lang='lat' dir='ltr'><strong><em>perfe-</em></strong></span> 
     </span>
     <span class='ocr_line' id='line_1_7' title="bbox 452 1802 1580 1893; baseline 0.002 -24"><span class='ocrx_word' id='word_1_33' title='bbox 452 1805 567 1883; x_wconf 85' lang='lat' dir='ltr'><strong><em>etions,</em></strong></span> <span class='ocrx_word' id='word_1_34' title='bbox 586 1802 656 1873; x_wconf 81' lang='lat' dir='ltr'><strong><em>Sais</em></strong></span> <span class='ocrx_word' id='word_1_35' title='bbox 677 1805 793 1872; x_wconf 70' lang='lat' dir='ltr'><strong><em>diarius</em></strong></span> <span class='ocrx_word' id='word_1_36' title='bbox 816 1815 953 1889; x_wconf 84' lang='lat' dir='ltr'><strong><em>apparet.</em></strong></span> <span class='ocrx_word' id='word_1_37' title='bbox 982 1805 1094 1872; x_wconf 85' lang='lat' dir='ltr'><strong><em>Verum</em></strong></span> <span class='ocrx_word' id='word_1_38' title='bbox 1116 1809 1192 1888; x_wconf 89' lang='lat' dir='ltr'><strong><em>quia</em></strong></span> <span class='ocrx_word' id='word_1_39' title='bbox 1206 1807 1441 1893; x_wconf 72' lang='lat' dir='ltr'><strong><em>publicatarum</em></strong></span> <span class='ocrx_word' id='word_1_40' title='bbox 1464 1806 1580 1889; x_wconf 70' lang='lat' dir='ltr'><strong><em>iuius-</em></strong></span> 
     </span>
     <span class='ocr_line' id='line_1_8' title="bbox 451 1920 1578 2006; baseline -0.002 -19"><span class='ocrx_word' id='word_1_41' title='bbox 451 1922 538 1987; x_wconf 82' lang='lat' dir='ltr'><strong><em>modi</em></strong></span> <span class='ocrx_word' id='word_1_42' title='bbox 550 1920 699 2005; x_wconf 69' lang='lat' dir='ltr'><strong><em>pharium</em></strong></span> <span class='ocrx_word' id='word_1_43' title='bbox 718 1922 816 2004; x_wconf 87' lang='lat' dir='ltr'><strong><em>qioria</em></strong></span> <span class='ocrx_word' id='word_1_44' title='bbox 839 1940 903 1988; x_wconf 91' lang='lat' dir='ltr'><strong><em>non</em></strong></span> <span class='ocrx_word' id='word_1_45' title='bbox 925 1924 1041 2004; x_wconf 81' lang='lat' dir='ltr'><strong><em>euiquo</em></strong></span> <span class='ocrx_word' id='word_1_46' title='bbox 1058 1923 1189 2005; x_wconf 77' lang='lat' dir='ltr'><strong><em>pruritu</em></strong></span> <span class='ocrx_word' id='word_1_47' title='bbox 1206 1922 1272 1988; x_wconf 90' lang='lat' dir='ltr'><strong><em>atia</em></strong></span> <span class='ocrx_word' id='word_1_48' title='bbox 1288 1942 1409 2006; x_wconf 90' lang='lat' dir='ltr'><strong><em>quoque</em></strong></span> <span class='ocrx_word' id='word_1_49' title='bbox 1427 1922 1578 1988; x_wconf 73' lang='lat' dir='ltr'><strong><em>sollieita-</em></strong></span> 
     </span>
     <span class='ocr_line' id='line_1_9' title="bbox 454 2039 1576 2124; baseline -0.001 -17"><span class='ocrx_word' id='word_1_50' title='bbox 454 2040 654 2121; x_wconf 75' lang='lat' dir='ltr'><strong><em>istinqsru&#39;a,</em></strong></span> <span class='ocrx_word' id='word_1_51' title='bbox 671 2039 892 2123; x_wconf 71' lang='lat' dir='ltr'><strong><em>frequentiores</em></strong></span> <span class='ocrx_word' id='word_1_52' title='bbox 915 2041 1104 2106; x_wconf 76' lang='lat' dir='ltr'><strong><em>nobilissimo</em></strong></span> <span class='ocrx_word' id='word_1_53' title='bbox 1125 2044 1333 2124; x_wconf 74' lang='lat' dir='ltr'><strong><em>iustrumenta</em></strong></span> <span class='ocrx_word' id='word_1_54' title='bbox 1351 2059 1426 2122; x_wconf 86' lang='lat' dir='ltr'><strong><em>erqa</em></strong></span> <span class='ocrx_word' id='word_1_55' title='bbox 1441 2041 1576 2106; x_wconf 83' lang='lat' dir='ltr'><strong><em>sidereas</em></strong></span> 
     </span>
     <span class='ocr_line' id='line_1_10' title="bbox 448 2158 1578 2242; baseline 0.002 -21"><span class='ocrx_word' id='word_1_56' title='bbox 448 2158 620 2221; x_wconf 71' lang='lat' dir='ltr'><strong><em>arissam</em></strong></span> <span class='ocrx_word' id='word_1_57' title='bbox 640 2167 805 2240; x_wconf 83' lang='lat' dir='ltr'><strong><em>aasperunt</em></strong></span> <span class='ocrx_word' id='word_1_58' title='bbox 827 2159 988 2232; x_wconf 76' lang='lat' dir='ltr'><strong><em>emunim,</em></strong></span> <span class='ocrx_word' id='word_1_59' title='bbox 1012 2159 1150 2242; x_wconf 80' lang='lat' dir='ltr'><strong><em>adeoque</em></strong></span> <span class='ocrx_word' id='word_1_60' title='bbox 1168 2160 1264 2223; x_wconf 83' lang='lat' dir='ltr'><strong><em>anuis</em></strong></span> <span class='ocrx_word' id='word_1_61' title='bbox 1291 2159 1332 2223; x_wconf 86' lang='lat' dir='ltr'><strong><em>ai</em></strong></span> <span class='ocrx_word' id='word_1_62' title='bbox 1353 2159 1527 2242; x_wconf 74' lang='lat' dir='ltr'><strong><em>aliquibus,</em></strong></span> <span class='ocrx_word' id='word_1_63' title='bbox 1549 2163 1578 2223; x_wconf 90' lang='lat' dir='ltr'><strong><em>si</em></strong></span> 
     </span>
     <span class='ocr_line' id='line_1_11' title="bbox 449 2270 1578 2358; baseline 0.001 -18"><span class='ocrx_word' id='word_1_64' title='bbox 449 2274 526 2357; x_wconf 84' lang='lat' dir='ltr'><strong><em>quid</em></strong></span> <span class='ocrx_word' id='word_1_65' title='bbox 545 2270 621 2340; x_wconf 84' lang='lat' dir='ltr'><strong><em>noni</em></strong></span> <span class='ocrx_word' id='word_1_66' title='bbox 640 2292 673 2339; x_wconf 93' lang='lat' dir='ltr'><strong><em>se</em></strong></span> <span class='ocrx_word' id='word_1_67' title='bbox 694 2276 775 2341; x_wconf 81' lang='lat' dir='ltr'><strong><em>eaelo</em></strong></span> <span class='ocrx_word' id='word_1_68' title='bbox 794 2284 980 2351; x_wconf 84' lang='lat' dir='ltr'><strong><em>ostentaret,</em></strong></span> <span class='ocrx_word' id='word_1_69' title='bbox 1000 2277 1214 2358; x_wconf 77' lang='lat' dir='ltr'><strong><em>speculatum,</em></strong></span> <span class='ocrx_word' id='word_1_70' title='bbox 1236 2284 1273 2340; x_wconf 92' lang='lat' dir='ltr'><strong><em>ut</em></strong></span> <span class='ocrx_word' id='word_1_71' title='bbox 1291 2277 1436 2357; x_wconf 79' lang='lat' dir='ltr'><strong><em>praerasi</em></strong></span> <span class='ocrx_word' id='word_1_72' title='bbox 1456 2276 1578 2356; x_wconf 77' lang='lat' dir='ltr'><strong><em>judieio</em></strong></span> 
     </span>
    </p>
   </div>
   <div class='ocr_carea' id='block_1_5' title="bbox 443 2391 1576 2943">
    <p class='ocr_par' dir='ltr' id='par_1_5' title="bbox 443 2391 1576 2943">
     <span class='ocr_line' id='line_1_12' title="bbox 447 2391 1576 2475; baseline -0.002 -18"><span class='ocrx_word' id='word_1_73' title='bbox 447 2399 536 2457; x_wconf 91' lang='lat' dir='ltr'><strong><em>astra</em></strong></span> <span class='ocrx_word' id='word_1_74' title='bbox 556 2391 712 2475; x_wconf 86' lang='lat' dir='ltr'><strong><em>quaedam</em></strong></span> <span class='ocrx_word' id='word_1_75' title='bbox 727 2409 789 2474; x_wconf 91' lang='lat' dir='ltr'><strong><em>pro</em></strong></span> <span class='ocrx_word' id='word_1_76' title='bbox 804 2393 967 2457; x_wconf 79' lang='lat' dir='ltr'><strong><em>neotericis</em></strong></span> <span class='ocrx_word' id='word_1_77' title='bbox 984 2392 1221 2465; x_wconf 78' lang='lat' dir='ltr'><strong><em>venditaverint,</em></strong></span> <span class='ocrx_word' id='word_1_78' title='bbox 1236 2410 1316 2475; x_wconf 89' lang='lat' dir='ltr'><strong><em>quae</em></strong></span> <span class='ocrx_word' id='word_1_79' title='bbox 1326 2392 1397 2473; x_wconf 83' lang='lat' dir='ltr'><strong><em>jnm</em></strong></span> <span class='ocrx_word' id='word_1_80' title='bbox 1411 2399 1485 2456; x_wconf 88' lang='lat' dir='ltr'><strong><em>ante</em></strong></span> <span class='ocrx_word' id='word_1_81' title='bbox 1504 2410 1576 2456; x_wconf 90' lang='lat' dir='ltr'><strong><em>eum</em></strong></span> 
     </span>
     <span class='ocr_line' id='line_1_13' title="bbox 443 2506 1576 2593; baseline -0.003 -19"><span class='ocrx_word' id='word_1_82' title='bbox 443 2508 640 2592; x_wconf 85' lang='lat' dir='ltr'><strong><em>primiqens&#39;is</em></strong></span> <span class='ocrx_word' id='word_1_83' title='bbox 651 2508 691 2574; x_wconf 83' lang='lat' dir='ltr'><strong><em>ai</em></strong></span> <span class='ocrx_word' id='word_1_84' title='bbox 701 2509 767 2593; x_wconf 90' lang='lat' dir='ltr'><strong><em>ipso</em></strong></span> <span class='ocrx_word' id='word_1_85' title='bbox 780 2507 894 2575; x_wconf 80' lang='lat' dir='ltr'><strong><em>Mundi</em></strong></span> <span class='ocrx_word' id='word_1_86' title='bbox 904 2518 1017 2575; x_wconf 75' lang='lat' dir='ltr'><strong><em>exortu</em></strong></span> <span class='ocrx_word' id='word_1_87' title='bbox 1033 2519 1139 2575; x_wconf 90' lang='lat' dir='ltr'><strong><em>ereata</em></strong></span> <span class='ocrx_word' id='word_1_88' title='bbox 1151 2510 1293 2592; x_wconf 72' lang='lat' dir='ltr'><strong><em>fuerant.</em></strong></span> <span class='ocrx_word' id='word_1_89' title='bbox 1305 2507 1483 2574; x_wconf 76' lang='lat' dir='ltr'><strong><em>Admodum</em></strong></span> <span class='ocrx_word' id='word_1_90' title='bbox 1499 2506 1576 2572; x_wconf 82' lang='lat' dir='ltr'><strong><em>Rev.</em></strong></span> 
     </span>
     <span class='ocr_line' id='line_1_14' title="bbox 448 2622 1574 2708; baseline -0.001 -19"><span class='ocrx_word' id='word_1_91' title='bbox 448 2624 488 2689; x_wconf 83' lang='grc' dir='ltr'><strong><em>Ρ.</em></strong></span> <span class='ocrx_word' id='word_1_92' title='bbox 511 2622 751 2708; x_wconf 79' lang='lat' dir='ltr'><strong><em>Cissistopimus</em></strong></span> <span class='ocrx_word' id='word_1_93' title='bbox 773 2623 923 2690; x_wconf 85' lang='lat' dir='ltr'><strong><em>Seneiner</em></strong></span> <span class='ocrx_word' id='word_1_94' title='bbox 943 2622 1015 2689; x_wconf 86' lang='lat' dir='ltr'><strong><em>Soa.</em></strong></span> <span class='ocrx_word' id='word_1_95' title='bbox 1037 2624 1114 2689; x_wconf 76' lang='lat' dir='ltr'><strong><em>iesu</em></strong></span> <span class='ocrx_word' id='word_1_96' title='bbox 1134 2626 1168 2689; x_wconf 91' lang='lat' dir='ltr'><strong><em>in</em></strong></span> <span class='ocrx_word' id='word_1_97' title='bbox 1192 2626 1274 2691; x_wconf 80' lang='lat' dir='ltr'><strong><em>tuno</em></strong></span> <span class='ocrx_word' id='word_1_98' title='bbox 1293 2624 1417 2707; x_wconf 90' lang='lat' dir='ltr'><strong><em>primus</em></strong></span> <span class='ocrx_word' id='word_1_99' title='bbox 1439 2624 1574 2707; x_wconf 81' lang='lat' dir='ltr'><strong><em>taptden</em></strong></span> 
     </span>
     <span class='ocr_line' id='line_1_15' title="bbox 447 2741 1574 2827; baseline -0.005 -18"><span class='ocrx_word' id='word_1_100' title='bbox 447 2744 593 2827; x_wconf 56' lang='lat' dir='ltr'><strong><em>impsqiu.</em></strong></span> <span class='ocrx_word' id='word_1_101' title='bbox 605 2743 660 2826; x_wconf 87' lang='lat' dir='ltr'><strong><em>qui</em></strong></span> <span class='ocrx_word' id='word_1_102' title='bbox 677 2745 819 2826; x_wconf 69' lang='lat' dir='ltr'><strong><em>finarum</em></strong></span> <span class='ocrx_word' id='word_1_103' title='bbox 840 2760 939 2807; x_wconf 91' lang='lat' dir='ltr'><strong><em>unam</em></strong></span> <span class='ocrx_word' id='word_1_104' title='bbox 958 2760 1019 2824; x_wconf 93' lang='lat' dir='ltr'><strong><em>pro</em></strong></span> <span class='ocrx_word' id='word_1_105' title='bbox 1040 2743 1150 2824; x_wconf 92' lang='lat' dir='ltr'><strong><em>quinto</em></strong></span> <span class='ocrx_word' id='word_1_106' title='bbox 1164 2741 1251 2807; x_wconf 79' lang='lat' dir='ltr'><strong><em>donis</em></strong></span> <span class='ocrx_word' id='word_1_107' title='bbox 1266 2743 1376 2807; x_wconf 75' lang='lat' dir='ltr'><strong><em>comite</em></strong></span> <span class='ocrx_word' id='word_1_108' title='bbox 1390 2741 1574 2823; x_wconf 82' lang='lat' dir='ltr'><strong><em>pubiieaait,</em></strong></span> 
     </span>
     <span class='ocr_line' id='line_1_16' title="bbox 446 2858 1576 2943; baseline -0.004 -18"><span class='ocrx_word' id='word_1_109' title='bbox 446 2868 544 2943; x_wconf 84' lang='lat' dir='ltr'><strong><em>atque</em></strong></span> <span class='ocrx_word' id='word_1_110' title='bbox 564 2859 664 2934; x_wconf 66' lang='lat' dir='ltr'><strong><em>iiiam</em></strong></span> <span class='ocrx_word' id='word_1_111' title='bbox 686 2859 944 2943; x_wconf 89' lang='lat' dir='ltr'><strong><em>quemadmodum</em></strong></span> <span class='ocrx_word' id='word_1_112' title='bbox 966 2858 1102 2925; x_wconf 78' lang='lat' dir='ltr'><strong><em>Medieea</em></strong></span> <span class='ocrx_word' id='word_1_113' title='bbox 1124 2860 1250 2924; x_wconf 85' lang='lat' dir='ltr'><strong><em>nomine</em></strong></span> <span class='ocrx_word' id='word_1_114' title='bbox 1271 2876 1344 2924; x_wconf 89' lang='lat' dir='ltr'><strong><em>snos</em></strong></span> <span class='ocrx_word' id='word_1_115' title='bbox 1366 2859 1576 2940; x_wconf 83' lang='lat' dir='ltr'><strong><em>insiqnioerat</em></strong></span> 
     </span>
    </p>
   </div>
   <div class='ocr_carea' id='block_1_6' title="bbox 443 2972 1576 3412">
    <p class='ocr_par' dir='ltr' id='par_1_6' title="bbox 443 2972 1576 3412">
     <span class='ocr_line' id='line_1_17' title="bbox 445 2972 1576 3059; baseline 0 -19"><span class='ocrx_word' id='word_1_116' title='bbox 445 2974 596 3042; x_wconf 81' lang='lat' dir='ltr'><strong><em>Pinnetas</em></strong></span> <span class='ocrx_word' id='word_1_117' title='bbox 613 2972 783 3048; x_wconf 70' lang='lat' dir='ltr'><strong><em>Gatiiaeue</em></strong></span> <span class='ocrx_word' id='word_1_118' title='bbox 798 2975 1032 3041; x_wconf 75' lang='lat' dir='ltr'><strong><em>rttosrrtutnoe</em></strong></span> <span class='ocrx_word' id='word_1_119' title='bbox 1047 2974 1151 3041; x_wconf 78' lang='lat' dir='ltr'><strong><em>Marri</em></strong></span> <span class='ocrx_word' id='word_1_120' title='bbox 1175 2975 1309 3042; x_wconf 70' lang='lat' dir='ltr'><strong><em>Varueri</em></strong></span> <span class='ocrx_word' id='word_1_121' title='bbox 1328 2976 1467 3059; x_wconf 73' lang='lat' dir='ltr'><strong><em>{anitiae</em></strong></span> <span class='ocrx_word' id='word_1_122' title='bbox 1486 2976 1576 3040; x_wconf 89' lang='lat' dir='ltr'><strong><em>diea-</em></strong></span> 
     </span>
     <span class='ocr_line' id='line_1_18' title="bbox 444 3090 1575 3177; baseline -0.002 -18"><span class='ocrx_word' id='word_1_123' title='bbox 444 3104 510 3159; x_wconf 90' lang='lat' dir='ltr'><strong><em>tam</em></strong></span> <span class='ocrx_word' id='word_1_124' title='bbox 530 3090 646 3160; x_wconf 81' lang='lat' dir='ltr'><strong><em>mtotr:</em></strong></span> <span class='ocrx_word' id='word_1_125' title='bbox 667 3094 802 3175; x_wconf 89' lang='lat' dir='ltr'><strong><em>impeqit‚</em></strong></span> <span class='ocrx_word' id='word_1_126' title='bbox 821 3095 963 3176; x_wconf 88' lang='lat' dir='ltr'><strong><em>inquam,</em></strong></span> <span class='ocrx_word' id='word_1_127' title='bbox 977 3111 1038 3174; x_wconf 92' lang='lat' dir='ltr'><strong><em>pro</em></strong></span> <span class='ocrx_word' id='word_1_128' title='bbox 1052 3102 1088 3157; x_wconf 94' lang='lat' dir='ltr'><strong><em>ut</em></strong></span> <span class='ocrx_word' id='word_1_129' title='bbox 1104 3094 1219 3177; x_wconf 88' lang='lat' dir='ltr'><strong><em>tripiiei</em></strong></span> <span class='ocrx_word' id='word_1_130' title='bbox 1233 3095 1356 3159; x_wconf 88' lang='lat' dir='ltr'><strong><em>ratione</em></strong></span> <span class='ocrx_word' id='word_1_131' title='bbox 1376 3096 1453 3158; x_wconf 85' lang='lat' dir='ltr'><strong><em>mitti</em></strong></span> <span class='ocrx_word' id='word_1_132' title='bbox 1469 3094 1575 3158; x_wconf 84' lang='lat' dir='ltr'><strong><em>videor</em></strong></span> 
     </span>
     <span class='ocr_line' id='line_1_19' title="bbox 443 3209 1575 3295; baseline -0.001 -20"><span class='ocrx_word' id='word_1_133' title='bbox 443 3211 581 3276; x_wconf 85' lang='lat' dir='ltr'><strong><em>eoineere</em></strong></span> <span class='ocrx_word' id='word_1_134' title='bbox 599 3227 712 3293; x_wconf 71' lang='lat' dir='ltr'><strong><em>posses</em></strong></span> <span class='ocrx_word' id='word_1_135' title='bbox 728 3210 842 3292; x_wconf 85' lang='lat' dir='ltr'><strong><em>primo,</em></strong></span> <span class='ocrx_word' id='word_1_136' title='bbox 864 3210 941 3293; x_wconf 83' lang='lat' dir='ltr'><strong><em>quia</em></strong></span> <span class='ocrx_word' id='word_1_137' title='bbox 963 3209 1046 3276; x_wconf 85' lang='lat' dir='ltr'><strong><em>iiiius</em></strong></span> <span class='ocrx_word' id='word_1_138' title='bbox 1070 3212 1311 3289; x_wconf 82' lang='lat' dir='ltr'><strong><em>observationes,</em></strong></span> <span class='ocrx_word' id='word_1_139' title='bbox 1333 3229 1412 3295; x_wconf 85' lang='lat' dir='ltr'><strong><em>quas</em></strong></span> <span class='ocrx_word' id='word_1_140' title='bbox 1434 3211 1477 3275; x_wconf 88' lang='lat' dir='ltr'><strong><em>ad</em></strong></span> <span class='ocrx_word' id='word_1_141' title='bbox 1499 3227 1575 3275; x_wconf 85' lang='lat' dir='ltr'><strong><em>suae</em></strong></span> 
     </span>
     <span class='ocr_line' id='line_1_20' title="bbox 443 3326 1573 3412; baseline -0.004 -18"><span class='ocrx_word' id='word_1_142' title='bbox 443 3328 596 3410; x_wconf 82' lang='lat' dir='ltr'><strong><em>opinionis</em></strong></span> <span class='ocrx_word' id='word_1_143' title='bbox 617 3329 779 3393; x_wconf 83' lang='lat' dir='ltr'><strong><em>ueritatem</em></strong></span> <span class='ocrx_word' id='word_1_144' title='bbox 800 3329 966 3394; x_wconf 87' lang='lat' dir='ltr'><strong><em>statuenda</em></strong></span> <span class='ocrx_word' id='word_1_145' title='bbox 998 3328 1122 3405; x_wconf 78' lang='lat' dir='ltr'><strong><em>educit,</em></strong></span> <span class='ocrx_word' id='word_1_146' title='bbox 1155 3326 1219 3393; x_wconf 88' lang='lat' dir='ltr'><strong><em>nan</em></strong></span> <span class='ocrx_word' id='word_1_147' title='bbox 1250 3329 1458 3412; x_wconf 89' lang='lat' dir='ltr'><strong><em>undequaque</em></strong></span> <span class='ocrx_word' id='word_1_148' title='bbox 1492 3328 1573 3393; x_wconf 87' lang='lat' dir='ltr'><strong><em>ueris</em></strong></span> 
     </span>
    </p>
   </div>
   <div class='ocr_carea' id='block_1_7' title="bbox 444 3430 1697 3528">
    <p class='ocr_par' dir='ltr' id='par_1_7' title="bbox 444 3430 1697 3528">
     <span class='ocr_line' id='line_1_21' title="bbox 444 3430 1697 3528; baseline -0.006 -16"><span class='ocrx_word' id='word_1_149' title='bbox 444 3445 579 3511; x_wconf 83' lang='lat' dir='ltr'><strong><em>motidus</em></strong></span> <span class='ocrx_word' id='word_1_150' title='bbox 598 3445 782 3527; x_wconf 83' lang='lat' dir='ltr'><strong><em>respondere</em></strong></span> <span class='ocrx_word' id='word_1_151' title='bbox 802 3446 1027 3518; x_wconf 69' lang='lat' dir='ltr'><strong><em>inveniunturr</em></strong></span> <span class='ocrx_word' id='word_1_152' title='bbox 1047 3447 1194 3521; x_wconf 83' lang='lat' dir='ltr'><strong><em>seeundo,</em></strong></span> <span class='ocrx_word' id='word_1_153' title='bbox 1210 3447 1287 3528; x_wconf 92' lang='lat' dir='ltr'><strong><em>qnia</em></strong></span> <span class='ocrx_word' id='word_1_154' title='bbox 1304 3465 1345 3511; x_wconf 77' lang='lat' dir='ltr'><strong><em>eo</em></strong></span> <span class='ocrx_word' id='word_1_155' title='bbox 1359 3446 1471 3511; x_wconf 89' lang='lat' dir='ltr'><strong><em>eisdem</em></strong></span> <span class='ocrx_word' id='word_1_156' title='bbox 1495 3443 1573 3507; x_wconf 88' lang='lat' dir='ltr'><strong><em>nui-</em></strong></span> <span class='ocrx_word' id='word_1_157' title='bbox 1696 3430 1697 3433; x_wconf 61' lang='grc'>’</span> 
     </span>
    </p>
   </div>
   <div class='ocr_carea' id='block_1_8' title="bbox 442 3560 1576 3877">
    <p class='ocr_par' dir='ltr' id='par_1_8' title="bbox 442 3560 1576 3877">
     <span class='ocr_line' id='line_1_22' title="bbox 442 3560 1573 3644; baseline -0.003 -19"><span class='ocrx_word' id='word_1_158' title='bbox 442 3562 510 3625; x_wconf 83' lang='lat' dir='ltr'><strong><em>iuss</em></strong></span> <span class='ocrx_word' id='word_1_159' title='bbox 528 3560 628 3642; x_wconf 66' lang='lat' dir='ltr'><strong><em>{mssa</em></strong></span> <span class='ocrx_word' id='word_1_160' title='bbox 651 3568 771 3624; x_wconf 89' lang='lat' dir='ltr'><strong><em>motum</em></strong></span> <span class='ocrx_word' id='word_1_161' title='bbox 793 3560 858 3624; x_wconf 93' lang='lat' dir='ltr'><strong><em>dati</em></strong></span> <span class='ocrx_word' id='word_1_162' title='bbox 879 3561 987 3626; x_wconf 87' lang='lat' dir='ltr'><strong><em>sideris</em></strong></span> <span class='ocrx_word' id='word_1_163' title='bbox 1009 3570 1080 3642; x_wconf 91' lang='lat' dir='ltr'><strong><em>apte</em></strong></span> <span class='ocrx_word' id='word_1_164' title='bbox 1103 3562 1273 3644; x_wconf 70' lang='lat' dir='ltr'><strong><em>eoitiqiturr</em></strong></span> <span class='ocrx_word' id='word_1_165' title='bbox 1305 3581 1342 3628; x_wconf 83' lang='lat' dir='ltr'><strong><em>aa</em></strong></span> <span class='ocrx_word' id='word_1_166' title='bbox 1375 3566 1466 3628; x_wconf 88' lang='lat' dir='ltr'><strong><em>tertio</em></strong></span> <span class='ocrx_word' id='word_1_167' title='bbox 1497 3571 1573 3626; x_wconf 91' lang='lat' dir='ltr'><strong><em>tan-</em></strong></span> 
     </span>
     <span class='ocr_line' id='line_1_23' title="bbox 443 3677 1576 3764; baseline -0.009 -14"><span class='ocrx_word' id='word_1_168' title='bbox 443 3677 513 3742; x_wconf 69' lang='lat' dir='ltr'><strong><em>dem</em></strong></span> <span class='ocrx_word' id='word_1_169' title='bbox 534 3680 612 3760; x_wconf 77' lang='lat' dir='ltr'><strong><em>qttt&#39;tt</em></strong></span> <span class='ocrx_word' id='word_1_170' title='bbox 633 3679 702 3761; x_wconf 80' lang='lat' dir='ltr'><strong><em>ipsa</em></strong></span> <span class='ocrx_word' id='word_1_171' title='bbox 724 3681 912 3763; x_wconf 69' lang='lat' dir='ltr'><strong><em>experientia</em></strong></span> <span class='ocrx_word' id='word_1_172' title='bbox 934 3681 1063 3761; x_wconf 79' lang='lat' dir='ltr'><strong><em>nujusee</em></strong></span> <span class='ocrx_word' id='word_1_173' title='bbox 1091 3680 1164 3745; x_wconf 86' lang='lat' dir='ltr'><strong><em>noni</em></strong></span> <span class='ocrx_word' id='word_1_174' title='bbox 1184 3681 1324 3746; x_wconf 85' lang='lat' dir='ltr'><strong><em>sateititis</em></strong></span> <span class='ocrx_word' id='word_1_175' title='bbox 1346 3681 1496 3764; x_wconf 91' lang='lat' dir='ltr'><strong><em>positioni</em></strong></span> <span class='ocrx_word' id='word_1_176' title='bbox 1519 3694 1576 3741; x_wconf 89' lang='lat' dir='ltr'><strong><em>re·</em></strong></span> 
     </span>
     <span class='ocr_line' id='line_1_24' title="bbox 442 3795 602 3877; baseline -0.031 -14"><span class='ocrx_word' id='word_1_177' title='bbox 442 3795 602 3877; x_wconf 73' lang='lat' dir='ltr'><strong><em>{rapaton</em></strong></span> 
     </span>
    </p>
   </div>
   <div class='ocr_carea' id='block_1_9' title="bbox 848 4028 1166 4102">
    <p class='ocr_par' dir='ltr' id='par_1_9' title="bbox 848 4028 1166 4102">
     <span class='ocr_line' id='line_1_25' title="bbox 848 4028 1166 4102; baseline 0.013 -17"><span class='ocrx_word' id='word_1_178' title='bbox 848 4028 1014 4102; x_wconf 82' lang='lat' dir='ltr'><strong><em>(Hucusque</em></strong></span> <span class='ocrx_word' id='word_1_179' title='bbox 1033 4030 1166 4097; x_wconf 77' lang='lat' dir='ltr'><strong><em>Auctor.)</em></strong></span> 
     </span>
    </p>
   </div>
   <div class='ocr_carea' id='block_1_10' title="bbox 0 0 2060 5934">
    <p class='ocr_par' dir='ltr' id='par_1_10' title="bbox 0 0 2060 5934">
     <span class='ocr_line' id='line_1_26' title="bbox 0 0 2060 5934; baseline 0 6"><span class='ocrx_word' id='word_1_180' title='bbox 0 0 2060 5934; x_wconf 95' lang='lat' dir='ltr'><strong><em> </em></strong></span> 
     </span>
    </p>
   </div>
  </div>
 </body>
</html>
