4109 5934
876 771 999 819 sannnts
1023 771 1157 818 sartam
1516 754 1582 822 tot

552 902 675 981 Quinto
687 920 761 984 pom
780 912 824 966 est
841 920 936 965 uersu
952 901 997 966 26
1011 902 1047 965 de
1066 904 1194 983 quintae
1217 901 1276 964 diei
1299 918 1399 982 opere,
1424 901 1588 983 impletque

374 1006 376 1009 ⁵
453 1024 556 1087 moria
574 1021 734 1103 piscibus,
755 1029 783 1084 et
805 1028 898 1086 ornat
934 1019 1194 1099 noaiqotionibus.
1292 1033 1294 1035 ·

541 1140 644 1208 Senta
664 1141 826 1206 obscurius
851 1141 1033 1205 annectitur
1053 1158 1075 1205 a
1095 1157 1190 1204 oersn
1213 1139 1258 1206 28
1278 1140 1403 1222 oqitque
1425 1139 1462 1204 de
1482 1147 1584 1204 terra·

454 1278 528 1324 rum
549 1256 659 1327 ineolis
681 1256 886 1330 animalibus,
906 1265 994 1323 stato
1010 1256 1058 1320 dis
1072 1256 1195 1320 emotis.
1217 1255 1259 1320 Bt
1278 1257 1410 1339 deniquo
1424 1260 1458 1322 in
1474 1275 1584 1338 ponere

455 1379 560 1456 subdit
581 1377 748 1442 bonitatem
772 1370 831 1440 Dei
853 1377 1062 1441 sustentantis
1085 1374 1211 1447 omnio,
1234 1384 1263 1438 et
1288 1377 1425 1441 ereontis
1449 1395 1542 1443 nona.

543 1493 659 1561 Omnia
680 1496 788 1576 iqitur,
812 1511 893 1577 quoe
915 1493 951 1558 de
975 1491 1098 1559 blundo
1120 1494 1256 1569 dixerat,
1273 1495 1316 1560 ad
1341 1494 1519 1561 animantia
1533 1513 1586 1562 re·

453 1615 541 1695 tert:
575 1613 653 1678 nibil
684 1613 767 1696 quod
803 1630 867 1678 non
900 1615 940 1677 sit
975 1615 1010 1676 in
1044 1613 1184 1693 confesso
1212 1621 1451 1685 oomnumorot;
1472 1612 1585 1678 soilieet

451 1733 530 1813 quia
551 1733 679 1797 animus
698 1733 759 1814 ipsi
780 1743 827 1796 est
849 1733 994 1797 extollere
1018 1741 1108 1808 noto,
1131 1751 1196 1798 non
1222 1733 1382 1814 inquirere
1411 1733 1586 1813 tneoqntta,

451 1850 586 1913 innitare
606 1866 680 1915 uero
700 1851 839 1914 bomines
854 1849 895 1913 od
909 1849 1138 1915 consideranda
1162 1850 1317 1930 beneficio.
1340 1867 1422 1931 quoe
1440 1849 1483 1914 ad
1499 1849 1583 1931 ipsas

451 1966 638 2032 redeuntem
660 1967 707 2030 bin
729 1968 925 2047 sinqulosnm
948 1968 1069 2032 dissum
1095 1965 1257 2050 Operibus.

539 2081 642 2166 Atque
666 2102 720 2165 eqo
745 2082 899 2149 hotonem
922 2103 1024 2148 meum
1048 2105 1171 2168 quoque
1190 2087 1333 2157 obtestor,
1359 2095 1394 2149 ut
1420 2105 1483 2150 non
1505 2085 1585 2151 obli·

452 2210 500 2265 tus
524 2201 668 2266 bonitatis
690 2201 814 2266 diuinae
837 2203 871 2265 in
891 2203 1028 2266 bomines
1047 2201 1186 2268 ooltatoe.
1204 2202 1355 2284 adquam
1378 2203 1582 2268 consideran·

450 2317 522 2382 dam
542 2319 644 2401 ipsum
671 2318 790 2383 Psaltes
803 2320 1000 2400 potissimum
1018 2321 1155 2392 inuitat:
1177 2320 1232 2384 ubi
1254 2340 1274 2383 a
1298 2321 1407 2402 templo
1425 2338 1580 2398 reuersus,

449 2439 484 2498 in
506 2437 642 2502 sobolom
664 2436 912 2502 Astronomioam
935 2438 1032 2518 luerit
1055 2440 1237 2519 inpressas:
1260 2457 1381 2503 meeum
1399 2440 1494 2503 etiam
1509 2439 1581 2503 lau-

449 2550 497 2615 det
523 2562 553 2616 et
583 2553 709 2617 celebret
738 2555 923 2636 sapientiam
951 2564 978 2617 et
1002 2555 1251 2635 moqnitudinem
1281 2555 1456 2628 creatoris,
1485 2574 1582 2638 quam

449 2689 504 2751 eqo
525 2672 585 2752 ipsi
605 2673 724 2753 operio,
748 2691 788 2737 ea
808 2675 929 2754 [armoe
964 2673 1146 2737 mundanae
1181 2677 1328 2756 penitiori
1359 2676 1582 2756 explicatione,

449 2805 619 2852 causarum
641 2789 860 2871 inquisitione,
893 2792 978 2854 olous
1011 2808 1157 2856 errorum
1187 2792 1376 2863 detratione;
1399 2800 1426 2855 et
1449 2793 1492 2855 sie
1517 2810 1582 2856 non

449 2913 574 2967 tantum
597 2907 631 2971 in
658 2904 789 2970 Telluris
822 2907 1014 2989 firmitudine
1036 2917 1064 2972 et
1088 2907 1270 2981 stabilitate,
1294 2908 1426 2971 salutem
1450 2909 1580 2971 uniuer-

448 3038 501 3084 sae
524 3019 667 3087 Naturae
688 3024 870 3098 oioentium,
889 3031 925 3087 ut
952 3022 1007 3086 Dei
1029 3041 1146 3088 munus
1170 3023 1390 3094 eoosouletnr:
1410 3022 1464 3086 sed
1485 3025 1580 3087 etiam

448 3140 482 3201 in
505 3140 642 3221 ejusdem
668 3151 756 3207 motu
783 3152 847 3204 tam
875 3142 1052 3213 recondito,
1088 3152 1153 3204 tom
1187 3139 1386 3216 admirabili,
1424 3140 1580 3205 creatoris

451 3265 600 3337 aqnoseat
622 3259 820 3340 sapientiam.

546 3371 609 3450 Oui
640 3394 713 3442 nero
739 3377 875 3442 bebetior
901 3387 966 3450 est,
992 3394 1089 3458 qaam
1123 3385 1159 3440 ut
1195 3376 1445 3442 Astronomioam
1479 3379 1582 3442 sebn-

451 3495 528 3558 tiam
552 3511 657 3576 eopere
682 3497 794 3577 possit,
828 3495 876 3559 vel
907 3495 1072 3576 infirmium
1097 3511 1192 3575 quam
1223 3501 1258 3557 ut
1290 3494 1447 3575 inoffenso
1466 3497 1582 3577 pietate

450 3609 623 3693 Capernieo
649 3613 776 3688 nodat,
811 3615 839 3677 ei
870 3613 1005 3685 suadeo,
1041 3622 1077 3677 nt
1111 3613 1207 3676 misso
1241 3609 1356 3674 Sabota
1386 3610 1581 3676 Astronomi-

448 3747 499 3802 eo,
522 3729 678 3796 damnatis
702 3734 794 3795 etiam
816 3733 843 3796 si
858 3733 956 3814 ploret
974 3732 1229 3814 Pbilosopborum
1249 3728 1497 3814 quibuscumque
1510 3729 1582 3810 pla-

447 3847 539 3922 eitis,
577 3866 652 3913 snas
686 3867 735 3912 res
769 3859 868 3931 oqat,
902 3859 932 3913 et
965 3850 1006 3915 ob
1043 3851 1100 3915 boe
1133 3850 1386 3932 pereqsinatione
1419 3848 1582 3911 mundana

444 3963 613 4040 desistens,
647 3967 772 4032 domum
806 3969 847 4033 ad
862 4025 863 4028 ,
881 3968 1014 4050 aqeilum
1042 3987 1137 4033 sutem
1159 3968 1361 4034 excolendum
1384 3983 1415 4030 se
1438 3965 1579 4046 recipiat,

444 4082 614 4164 oeuttsque,
639 4085 754 4166 quibus
776 4087 846 4152 solis
869 4087 963 4161 videt,
987 4090 1022 4151 in
1046 4089 1102 4152 boo
1125 4087 1311 4170 aspectabile
1334 4087 1452 4150 eoelum
1475 4081 1582 4147 subla·

443 4198 496 4271 tis,
523 4207 585 4263 toto
605 4209 726 4282 pectore
751 4205 787 4266 ιἰι
819 4206 997 4284 qratiarum
1027 4207 1192 4279 ostionem,
1220 4215 1249 4267 et
1278 4203 1383 4268 laudes
1411 4202 1467 4266 Dei
1498 4200 1582 4265 Con·

442 4313 554 4378 ditonis
575 4315 778 4399 effundatur:
800 4331 912 4394 oestuo,
935 4339 967 4385 se
993 4340 1056 4387 non
1079 4325 1231 4387 minorem
1259 4320 1322 4386 Deo
1340 4321 1465 4385 vmuttum
1485 4336 1581 4400 prae·

442 4437 537 4503 stare,
556 4449 652 4514 quam
671 4433 910 4508 Astronomum,
933 4440 985 4500 oni
1007 4436 1091 4502 Deus
1110 4438 1166 4502 boe
1185 4437 1276 4511 dedit,
1296 4446 1331 4501 ut
1355 4437 1467 4500 mentis
1490 4432 1582 4499 ooulo

438 4549 650 4629 perspieacius
673 4552 795 4628 uideat,
813 4572 954 4635 quaeque
976 4555 1134 4627 inveniet,
1157 4572 1253 4635 super
1274 4555 1312 4617 iis
1342 4552 1441 4616 Deum
1460 4568 1578 4623 suum.

443 4673 472 4726 et
495 4666 559 4745 ipse
582 4668 736 4735 celebrare
756 4674 852 4753 possit
876 4679 904 4734 et
927 4671 1009 4735 velit.

535 4783 638 4868 Atque
660 4790 734 4853 baec
758 4790 793 4854 de
817 4789 990 4855 Sacrorum
1005 4787 1187 4861 Literarum
1209 4792 1407 4856 anctoritate.
1438 4787 1490 4852 to
1508 4786 1580 4871 pb-
