4109 5934
820 748 971 794 tentasse
995 748 1054 794 eno
1078 748 1220 794 entismo
1516 735 1577 800 511

453 878 611 950 admittat,
633 893 728 940 sensu
749 885 777 939 et
801 877 1020 940 instrumentis
1045 876 1224 943 certissimis
1252 875 1460 957 comprollata.
1484 875 1581 940 Inde-

452 1017 510 1080 que
533 993 568 1059 S.
592 994 730 1059 Basilius
753 1004 781 1058 et
805 993 990 1060 Ambrosias
1009 995 1178 1057 haereticos
1196 1001 1323 1057 censent
1346 1012 1414 1070 eos,
1435 996 1491 1076 qui
1512 1013 1583 1059 coe-

453 1116 517 1179 lum
539 1113 575 1176 de
597 1113 711 1195 quinto
733 1113 868 1175 essentia
889 1128 961 1174 cum
976 1109 1144 1174 Aristotele
1159 1111 1295 1191 sociant,
1313 1118 1342 1174 et
1357 1111 1450 1176 solem
1466 1122 1581 1192 nepam

452 1249 515 1295 esse
536 1230 713 1313 formaliter
727 1228 874 1302 calidum,
889 1236 925 1291 ut
942 1229 1030 1308 infra
1047 1227 1232 1300 docebimus,
1249 1236 1278 1291 et
1295 1229 1330 1291 in
1346 1229 1461 1292 nostris
1484 1247 1583 1311 puae·

451 1351 603 1414 trionibus
623 1366 682 1432 pro
702 1348 895 1429 pltilosopltia
920 1356 1106 1412 sanctorum
1132 1346 1424 1411 demonstrauimus.
1455 1345 1580 1420 Omitto,

451 1465 535 1547 qnod
556 1465 650 1530 talem
670 1463 844 1527 immediate
874 1481 973 1545 supra
1006 1464 1116 1527 lunam
1146 1466 1251 1543 ponit:
1272 1464 1356 1544 qnod
1380 1461 1418 1526 l).
1447 1462 1580 1529 Thomas

451 1591 480 1646 et
507 1598 652 1663 scpnaccs
682 1582 780 1663 ipsias
803 1579 992 1651 Aristotelis,
1019 1581 1129 1644 docem
1157 1599 1221 1644 esse
1247 1580 1375 1662 [annm.
1403 1579 1580 1646 Aristoteles

452 1718 575 1781 quoquc
595 1700 726 1782 santur,
748 1717 781 1763 se
804 1701 921 1762 nescire
944 1699 980 1762 de
1003 1699 1181 1763 coelestibus
1204 1702 1398 1782 quicquam:
1418 1709 1447 1763 et
1468 1699 1581 1781 sortio-

451 1816 539 1880 ntus
562 1818 596 1880 in
617 1817 675 1880 ltoc
697 1819 829 1880 scientia
851 1834 961 1880 curam
991 1819 1153 1881 committit
1183 1818 1418 1898 inoestipandi:
1439 1827 1477 1882 ut
1495 1827 1580 1900 patet

449 1933 485 1996 in
496 1933 555 1998 ΧΠ
565 1931 739 2015 ttemptps.
751 1950 892 2014 quaeque
908 1935 970 2014 ipse
984 1935 1084 2014 ponit,
1101 1952 1138 1997 ea
1153 1951 1218 1997 sese
1230 1951 1251 1996 a
1264 1933 1391 2016 Calippo
1402 1944 1431 1998 et
1443 1933 1581 2000 ausono

451 2051 604 2134 accepisse
626 2053 819 2134 confitetur:
840 2068 896 2113 nec
919 2050 1037 2113 addidit
1061 2051 1149 2115 aliud
1171 2052 1233 2114 nisi
1255 2052 1443 2116 revolventes
1471 2054 1581 2122 orites,

448 2169 504 2250 qul
521 2187 665 2250 pupnam
679 2171 762 2233 inter
779 2167 913 2249 Anpelos
931 2171 1144 2233 accumulant.
1163 2167 1280 2233 Omitto
1299 2171 1479 2251 impietates,
1498 2190 1579 2254 quac

449 2305 489 2350 etc
510 2288 625 2368 quinta
646 2288 782 2351 essentia
805 2295 834 2351 et
856 2288 1038 2352 aeternitate
1061 2297 1163 2353 motus
1186 2288 1262 2355 coeli
1283 2298 1473 2371 sequuntur.
1496 2288 1580 2353 Nam

451 2403 490 2466 tt.
517 2402 652 2468 Thomas
676 2413 706 2468 et
728 2406 918 2486 expositores
944 2402 1117 2468 Christiani
1146 2405 1201 2468 lsoc
1229 2404 1319 2486 [acite
1343 2404 1528 2469 declarant:
1550 2414 1579 2468 et

448 2523 626 2589 rationibus
647 2523 879 2604 respondetille
901 2524 935 2586 in
958 2522 1044 2588 Lect.
1069 2525 1110 2597 X,
1132 2525 1186 2588 ubi
1207 2525 1383 2606 firmissime
1405 2523 1580 2587 aeternita-
1704 2615 1707 2625 Ι

449 2649 510 2703 tem
532 2647 657 2714 motus,
680 2657 744 2703 non
765 2640 1003 2720 problematice,
1027 2642 1162 2703 tenuisse
1187 2641 1249 2705 illic
1278 2637 1474 2704 Aristotelem
1496 2639 1580 2703 docet

452 2756 491 2818 l).
518 2754 652 2820 Tltomat
674 2757 814 2839 alioquin
838 2775 902 2821 non
924 2756 1021 2820 datur
1044 2758 1103 2838 ipsi
1126 2756 1233 2820 Deus:
1255 2756 1339 2820 ande
1372 2765 1401 2819 et
1433 2757 1578 2820 atlteistas

448 2891 505 2938 nos
524 2875 611 2957 sarit,
632 2875 688 2957 qni
707 2878 924 2939 aeternitatem
943 2884 1045 2940 motus
1061 2893 1228 2957 nepamus:
1251 2883 1279 2938 et
1299 2873 1337 2937 l).
1369 2873 1503 2939 Tltomas
1527 2893 1578 2939 re·

448 2992 577 3072 spondet
599 3001 720 3056 contra.
748 2990 856 3068 Quare
879 2995 1042 3057 nonsatis
1066 2994 1178 3058 mirari
1192 3011 1271 3075 queo
1288 2993 1439 3076 quosdam
1463 2993 1579 3057 tleeolo-

446 3118 577 3191 pastum,
595 3110 651 3191 qui
665 3120 765 3174 metas
780 3111 913 3190 inpenits
931 3112 1091 3174 lominum
1107 3122 1232 3193 ponunt
1253 3112 1370 3193 scripta
1393 3109 1577 3174 Aristotelis.

451 3225 542 3303 Quod
564 3246 664 3310 nepus
688 3227 885 3294 Ptolemaeus
901 3229 1065 3293 ceritatem
1087 3232 1127 3294 sit
1150 3240 1350 3312 assequutus,
1373 3230 1481 3295 docent
1496 3248 1578 3294 nova

441 3347 667 3426 ptoenosnena,
682 3347 718 3410 de
733 3347 847 3429 quidus
864 3365 921 3428 per
938 3347 1005 3427 ejus
1021 3347 1167 3426 dopmato
1185 3367 1249 3412 non
1264 3320 1367 3429 potest
1383 3347 1471 3412 reddi
1486 3349 1578 3421 ratio,

445 3483 502 3530 nco
518 3465 673 3532 discordia
690 3467 772 3530 inter
795 3466 936 3531 coelestio
951 3466 1079 3530 tollitur.
1099 3463 1215 3530 Omitto
1229 3484 1349 3532 errores
1369 3486 1389 3531 a
1409 3467 1578 3548 Copernico
1694 3494 1696 3498 ·

445 3581 646 3664 depreltcnsos
663 3582 698 3644 in
713 3584 961 3655 matltematicis,
978 3582 1119 3646 videlicet
1136 3582 1219 3663 quod
1233 3585 1289 3661 piat
1306 3591 1407 3645 motus
1424 3574 1579 3663 repuleris

443 3701 479 3764 in
493 3702 626 3783 sphoera
639 3719 733 3782 snper
748 3702 850 3765 alieno
872 3708 989 3778 centro,
1006 3708 1034 3762 et
1050 3700 1124 3763 alio.
1143 3698 1312 3780 Propterea
1336 3697 1442 3762 Tlteoit
1465 3711 1494 3762 et
1517 3719 1577 3764 rex

404 3902 409 3915 ¹
447 3816 623 3898 Alpltonsus
646 3820 835 3882 inuenerunt
860 3816 1038 3881 librationes
1062 3824 1091 3879 et
1114 3834 1211 3879 nonas
1227 3817 1366 3896 spheras.
1388 3814 1588 3897 Cepernieus,

445 3945 568 4001 verost
592 3939 645 4002 las
669 3937 805 4018 deceptos
828 3937 1039 4010 demonstrat,
1063 3945 1091 4001 et
1115 3936 1156 3999 ad
1179 3936 1389 4017 antiquorum
1414 3933 1576 4014 Pptleapo-

409 4143 415 4154 s
442 4073 572 4120 reorum
593 4056 740 4136 dopmato
760 4057 904 4131 recurrit,
923 4056 1004 4119 unde
1022 4058 1284 4137 apparentiarum
1302 4056 1442 4119 rationes
1466 4054 1576 4116 melius

441 4174 629 4263 redduntur.
654 4172 812 4240 Galilaeae
836 4194 909 4239 uero
931 4176 1016 4239 ultra
1039 4177 1112 4239 naec
1136 4175 1335 4257 depreltendit
1353 4193 1447 4238 nonos
1464 4173 1576 4254 plane-

443 4300 502 4368 tas,
524 4301 553 4355 et
575 4301 756 4374 systemata,
780 4303 807 4355 et
826 4294 988 4374 passiones
1012 4293 1089 4357 caeli
1110 4294 1244 4372 ionotas.
1272 4289 1379 4367 Quare
1404 4291 1572 4354 insaniunt

441 4396 670 4483 indoctissimo,
694 4411 750 4493 qni
768 4418 885 4490 putant
908 4410 943 4472 de
967 4409 1147 4473 coelestidus
1171 4412 1248 4473 satis
1272 4427 1359 4482 esse,
1385 4426 1466 4489 quoe
1486 4416 1577 4488 pate-

440 4525 527 4604 facta
560 4535 636 4590 sunt
664 4528 704 4590 ab
736 4525 924 4595 Aristotele:
946 4527 1001 4608 qui
1023 4525 1102 4589 niltil
1124 4526 1159 4588 de
1182 4544 1240 4590 suo
1263 4525 1364 4599 discit,
1389 4535 1424 4588 ut
1449 4526 1576 4606 ipsemet

441 4642 570 4722 fatetur,
592 4654 622 4706 et
644 4643 720 4707 alios
745 4642 931 4720 inoestipure
953 4642 1047 4720 plura
1066 4641 1179 4719 jubet:
1203 4652 1230 4703 et
1252 4643 1435 4720 posteriores
1465 4642 1576 4704 incerti

443 4760 545 4823 adltuc
569 4759 793 4839 dipladinntnr.
1518 4739 1520 4742 ’
