4109 5934
812 764 963 810 aeouoau
989 764 1048 809 eso
1071 765 1214 811 sissimo
1512 751 1576 815 507

446 897 610 982 proauus,
631 906 678 969 ul,
703 897 778 976 puta
800 896 966 958 tenebatur
1001 892 1103 958 Deum
1126 896 1271 957 aeuerari
1306 892 1322 977 (
1331 896 1414 977 quoa
1435 896 1503 960 siue
1526 917 1579 962 ao·

449 1017 586 1094 puiliooe
603 1013 733 1095 praeuia
756 1029 822 1076 aou
843 1020 942 1092 potest
964 1014 1042 1094 fieri,
1066 1030 1132 1092 qua
1156 1013 1337 1076 invisibilia
1361 1014 1436 1089 Dei,
1459 1032 1516 1095 por
1538 1033 1577 1078 ea

449 1150 533 1216 quae
555 1131 644 1196 laeta
665 1138 750 1201 suut,
774 1130 1034 1210 conspiciuntur,
1059 1139 1132 1192 teste
1156 1130 1292 1211 apostolo
1300 1131 1328 1215 )‚
1352 1130 1492 1212 uudipue
1506 1134 1578 1213 phi-

448 1251 672 1332 losopharetur.
702 1245 786 1311 Libet
807 1257 911 1310 aulem
935 1246 1059 1310 Alema
1082 1265 1186 1310 amnes
1212 1249 1361 1311 scientiae
1383 1249 1504 1329 sueuut
1527 1254 1579 1312 iu·

446 1372 546 1449 lusae,
570 1367 805 1449 experimentali
826 1377 930 1430 lamen
953 1366 1088 1430 carebat.
1111 1364 1155 1429 Et
1171 1366 1227 1430 hos
1242 1377 1446 1447 praeeepluru
1467 1367 1577 1432 datum

448 1497 492 1551 est
515 1487 570 1564 illi,
592 1504 657 1550 uon
680 1494 715 1548 ul
732 1502 866 1566 persaua
888 1494 966 1560 erat,
989 1485 1043 1548 sea
1065 1495 1101 1548 ut
1124 1495 1219 1565 eaput
1242 1487 1364 1565 pesteris
1378 1487 1518 1558 humaui,
1539 1505 1575 1550 ae

448 1614 613 1687 proplerea
640 1604 737 1678 uobis,
761 1604 817 1686 pul
846 1620 887 1666 ea
911 1622 945 1667 ea
968 1602 1190 1679 descendimus,
1220 1613 1256 1667 ul
1281 1613 1387 1684 palres
1412 1613 1577 1668 testantur.

452 1721 530 1784 ltem
557 1720 658 1785 Dauid
679 1722 738 1784 ait:
761 1718 918 1799 Quaerite
941 1721 1058 1796 Deum,
1081 1727 1114 1783 et
1137 1720 1229 1785 vivet
1244 1721 1355 1784 anima
1371 1725 1493 1794 nostru
1513 1738 1577 1785 hau

444 1849 542 1928 potest
565 1849 668 1903 aulem
691 1858 711 1903 a
734 1840 823 1903 uobis
847 1840 969 1920 quaeri,
988 1840 1052 1902 uisi
1068 1840 1103 1901 iu
1118 1857 1224 1903 rerum
1243 1849 1363 1903 natura
1379 1839 1419 1903 ab
1437 1856 1472 1902 eo
1487 1855 1579 1903 erea-

450 1967 567 2033 tarum,
589 1966 624 2020 ul
646 1973 745 2020 eausa
763 1957 798 2018 iu
820 1955 934 2038 effectu
955 1956 1143 2037 inquiritur.
1168 1955 1212 2019 lit
1231 1957 1306 2020 alibi
1323 1956 1391 2019 ait:
1410 1956 1576 2020 Mirabilia

446 2091 544 2155 opera
571 2078 639 2148 lua,
662 2074 738 2137 ideo
762 2077 910 2137 scrutata
933 2078 982 2137 est
1003 2075 1116 2137 anima
1139 2092 1221 2140 mea.
1244 2072 1288 2137 Et
1315 2071 1475 2149 Salomon,
1509 2071 1576 2136 Ee·

445 2189 513 2251 ales.
534 2189 558 2262 l,
581 2190 786 2268 inoeslipasre
808 2189 971 2269 ‹lilipeuler
992 2189 1028 2253 be
1050 2191 1195 2254 omuibus
1219 2208 1299 2272 puae
1321 2190 1380 2253 sub
1402 2189 1463 2254 sale
1490 2199 1574 2262 suut,

445 2305 605 2377 declarat:
626 2309 773 2386 quamuis
796 2307 906 2389 inlusa
923 2306 1087 2388 praeditus
1109 2309 1262 2372 seieulia:
1285 2319 1314 2370 et
1337 2304 1478 2388 Sapieut.
1501 2308 1579 2382 vll,

445 2441 476 2486 se
497 2441 548 2489 res
566 2442 672 2489 omues
696 2426 867 2500 naturales,
889 2427 1120 2500 malematieas,
1146 2427 1371 2489 astronomicas
1406 2435 1435 2488 et
1462 2425 1576 2505 lopieas

444 2543 571 2606 saluisse
580 2541 718 2624 paudits
727 2551 756 2606 el
766 2544 802 2606 sle
814 2545 936 2607 euuelis
949 2541 1042 2606 rebus
1056 2543 1191 2625 physicis
1208 2543 1382 2623 disputasse
1396 2542 1578 2624 perhibetur

445 2663 480 2722 iu
502 2661 546 2726 111
568 2658 646 2742 Rea.
669 2661 702 2737 l,
724 2669 754 2724 et
774 2661 944 2742 scripsisse,
969 2670 1005 2724 ut
1027 2661 1086 2724 alii
1106 2660 1225 2734 aaluut,
1249 2661 1286 2723 rie
1309 2661 1422 2734 herbis,
1439 2661 1576 2724 polueri-

446 2781 503 2839 bus
527 2786 555 2839 et
580 2777 731 2859 lapidibus
753 2787 784 2842 el
805 2779 952 2858 piscibus.
976 2777 1021 2842 Bt
1044 2789 1207 2860 propterea
1240 2777 1378 2841 muudus
1405 2777 1577 2842 roeabalur

445 2897 486 2959 ab
510 2896 604 2960 iailia
626 2894 794 2978 Sapientia
815 2895 878 2960 Dei
899 2895 914 2979 (
923 2904 960 2960 ul
984 2897 1158 2962 revelatum
1180 2905 1226 2960 est
1249 2905 1377 2960 sauelae
1406 2893 1577 2979 Bripiltae)

443 3022 472 3076 et
496 3013 582 3090 liber,
605 3023 641 3077 ut
662 3030 768 3078 omues
782 3015 819 3077 iu
833 3034 868 3079 ea
884 3015 1064 3096 leperemus.
1084 3013 1169 3079 Uriae
1193 3012 1229 3078 S.
1246 3013 1316 3086 Leo,
1332 3011 1435 3077 Serm.
1454 3015 1521 3079 vll.
1539 3013 1576 3075 eie

441 3131 568 3212 jejunio
590 3132 700 3196 hailei
721 3134 854 3198 meusis:
876 3134 937 3198 Per
961 3135 1047 3215 ipsa,
1069 3135 1130 3208 ait,
1153 3135 1315 3198 elementa
1338 3131 1466 3205 muudi,
1499 3136 1575 3194 tau·

444 3269 544 3331 quam
557 3268 614 3332 per
626 3253 777 3332 publieas
796 3253 945 3341 paginas,
956 3252 1091 3316 (livinae
1104 3253 1283 3316 voluntatis
1302 3250 1578 3334 significationem

443 3370 634 3451 accipimus.
647 3369 691 3433 El
703 3367 805 3434 Serus.
821 3369 903 3444 vlu,
919 3369 999 3432 idem
1016 3370 1127 3450 probat
1143 3387 1184 3432 ea
1199 3389 1243 3441 eo,
1266 3366 1349 3450 quali
1373 3368 1456 3432 coeli
1479 3386 1577 3431 enar·

443 3493 518 3550 raut
542 3488 681 3569 gloriam
704 3488 785 3561 Dei,
809 3497 866 3551 eta.
889 3493 928 3563 at,
944 3488 1124 3552 invisibilia
1146 3488 1205 3550 Dei
1233 3504 1350 3568 porea
1373 3503 1458 3566 quae
1492 3486 1578 3549 iacta
1711 3477 1713 3480 ’

443 3611 521 3668 sunt
548 3616 602 3668 eta.
619 3604 661 3666 Et
678 3606 814 3686 prolecto
835 3607 945 3668 etiam:
968 3604 1096 3679 utaieit
1122 3602 1258 3683 Cprillus
1281 3604 1315 3664 iu
1338 3603 1440 3680 primo
1462 3611 1573 3664 coutra

445 3723 626 3795 Iulianum,
644 3724 847 3804 philosophia
870 3730 920 3788 ost
936 3698 1164 3786 'catechismus
1188 3723 1229 3785 ad
1254 3719 1368 3793 lidem;
1391 3719 1448 3800 qui
1472 3721 1576 3799 ipsam

367 3918 371 3923 ι
448 3841 588 3920 spernit,
608 3840 685 3904 fidei
709 3843 914 3906 adversatur.
938 3840 981 3903 Et
1000 3850 1165 3922 propterea
1199 3838 1385 3902 berharius
1407 3839 1442 3898 io
1476 3834 1576 3899 Serus.

376 4011 378 4014 .
445 3955 591 4020 Audiam
607 3958 687 4038 quid
704 3958 856 4038 loquatur
872 3959 905 4021 in
925 3975 978 4021 me
993 3958 1163 4027 Dominus,
1180 3957 1236 4030 ait,
1259 3955 1420 4017 muudum
1436 3970 1505 4015 osse
1520 3971 1578 4015 ao·

445 4073 554 4137 dicem
579 4075 659 4150 Dei,
698 4076 732 4138 in
765 4094 831 4157 quo
860 4077 984 4157 jugiter
1022 4076 1130 4157 legere
1159 4074 1346 4138 debeamus.
1376 4070 1462 4133 laem
1496 4069 1577 4133 ‹liait

445 4188 481 4253 S.
500 4190 678 4266 Antonius,
711 4203 785 4255 leste
811 4191 1002 4273 Maepham,
1039 4202 1070 4252 et
1106 4191 1342 4270 ctrpsouomas
1376 4205 1470 4269 super
1502 4185 1579 4248 illuel

449 4308 505 4373 Ps.
534 4308 688 4375 CXLVII:
710 4308 784 4374 Nou
807 4311 884 4374 lecit
907 4311 1017 4374 taliter
1040 4310 1129 4373 omui
1152 4307 1299 4379 nationi;
1322 4316 1358 4369 ut
1376 4324 1466 4369 uema
1483 4305 1578 4385 possit

446 4428 607 4502 eaeusari,
635 4428 719 4511 quasi
752 4427 847 4508 lepem
870 4444 935 4490 uou
957 4427 1119 4506 acceperit,
1137 4425 1169 4487 in
1193 4440 1324 4486 omnem
1343 4424 1426 4484 euim
1456 4427 1578 4484 terram

446 4544 668 4610 exivil'souus
686 4561 812 4608 eorum.

533 4661 851 4730 COROLLARIUM.
874 4659 918 4724 El
940 4661 1111 4742 quoniam,
1132 4677 1212 4739 quae
1236 4667 1310 4720 suut
1344 4656 1579 4738 mirifiaeuliora

448 4787 479 4842 el
496 4781 723 4854 excellentiora,
741 4784 838 4863 mauis
855 4782 954 4860 Deum
966 4787 1203 4863 repraesentant
1215 4785 1358 4841 autorem
1374 4777 1425 4840 sui
1435 4793 1446 4847 ‚·
1465 4775 1578 4855 maJ'ori
