4109 5934
459 696 502 762 bb
817 715 1066 765 orsnrvarrorms
1088 718 1136 765 m.
1150 699 1247 769 loro

454 865 585 927 aequem
616 848 655 911 ab
687 848 746 909 bac
773 847 905 923 min.,l;
937 848 1025 910 tertia
1048 848 1124 911 min.
1142 864 1216 911 roo
1239 847 1455 943 &oneratque
1483 846 1622 924 reliquis

453 944 583 1018 clarior3
605 944 643 1005 ab
669 943 726 1005 istu
748 960 820 1005 roro
841 943 971 1006 distabat
995 943 1175 1006 orientalior
1196 943 1272 1007 min.
1293 941 1328 1018 b,
1348 949 1378 1007 et
1397 943 1535 1024 reliquis
1555 950 1621 1006 erat

455 1044 566 1105 minor.
585 1044 711 1105 Rectam
744 1044 884 1123 proxime
909 1043 1109 1124 designabant
1139 1043 1269 1117 lineum,
1290 1042 1350 1105 nisi
1381 1043 1466 1122 quod
1487 1044 1620 1106 terliaa

454 1142 529 1206 Jove
549 1144 724 1223 paullulum
747 1145 951 1207 attollebatur.
973 1143 1050 1208 l'ixa
1070 1163 1142 1207 cum
1162 1144 1237 1207 Jove
1258 1149 1287 1205 el
1307 1145 1497 1207 orientaliori
1522 1147 1616 1226 trigo

455 1264 529 1307 num
550 1246 772 1324 aequilaterum
797 1246 1007 1308 constituebat.

450 1450 494 1497 or.
757 1465 774 1500 a
860 1464 909 1499 *a
931 1463 950 1501 a
1002 1427 1054 1530 Θ
1558 1451 1616 1500 occ.

893 1865 913 1904 a
947 1853 1002 1914 risu

531 2052 586 2113 Die
606 2053 640 2125 d,
664 2054 740 2114 bora
765 2054 795 2125 0,
823 2053 895 2114 min.
921 2051 972 2126 bl),
999 2058 1059 2114 tres
1079 2051 1237 2115 adstabant
1255 2051 1415 2123 lunatae,
1440 2053 1608 2115 orientales

440 2159 524 2231 duo,
545 2175 625 2219 unus
648 2176 718 2220 rero
732 2156 895 2231 occiduus,
916 2157 947 2218 iu
969 2155 1023 2217 tall
1047 2154 1303 2237 configuratione:

448 2364 492 2411 or.
675 2391 677 2394 <
765 2376 813 2412 aa
1001 2340 1054 2444 Θ
1101 2373 1120 2411 a
1285 2398 1290 2409 .
1526 2363 1613 2411 occ.

1105 2817 1200 2880 apua

447 2960 552 3024 aberat
575 2963 757 3025 orientallor
774 2979 793 3022 a
812 2959 888 3023 loro
906 2961 982 3023 min.
1001 2963 1036 3038 '13
1066 2963 1105 3025 ab
1134 2965 1193 3027 boo
1212 2962 1344 3026 distabat
1373 2978 1506 3041 muenia
1533 2964 1608 3026 min.

445 3079 505 3125 soc.
524 3064 576 3141 30;
599 3061 797 3124 occidentalis
814 3077 887 3122 vero
907 3062 1111 3143 elongabatur
1125 3082 1144 3126 a
1159 3063 1234 3127 lore
1254 3064 1330 3126 min.
1349 3064 1384 3124 ἐκ
1400 3069 1488 3127 orant
1509 3071 1610 3125 extre

446 3165 487 3226 mi
509 3165 673 3227 lucidiores
695 3181 730 3226 ao
751 3163 882 3243 majores
903 3165 1041 3243 reliquo,
1061 3167 1115 3245 qui
1137 3167 1302 3229 admodum
1324 3166 1455 3245 exiguus
1476 3181 1608 3244 appare-

445 3263 505 3323 bat.
524 3262 747 3325 Orientaliora
767 3269 851 3325 recta
871 3261 969 3339 linea,
990 3283 1047 3344 per
1062 3266 1199 3345 reliquos
1215 3271 1245 3327 et
1261 3264 1367 3328 lovem
1389 3264 1495 3336 duola,
1517 3263 1607 3343 paul-

444 3360 545 3424 lulum
560 3364 591 3425 in
609 3364 735 3425 boream
752 3363 910 3425 ridebatur
923 3364 1032 3428 elatus.
1047 3364 1124 3428 Fixa
1135 3366 1199 3446 jam
1214 3366 1357 3427 adnotata
1368 3365 1408 3427 ab
1422 3365 1606 3427 occidentali

446 3459 569 3539 planeta
589 3464 664 3526 min.
684 3463 704 3524 8
724 3464 866 3536 distabat,
891 3465 1061 3528 seeundum
1083 3465 1370 3546 perpendicularem
1391 3465 1430 3526 ab
1450 3466 1518 3544 ipso
1539 3464 1608 3527 Pla-

444 3564 515 3621 nela
534 3562 656 3626 ductam
678 3580 771 3643 super
791 3563 907 3625 lineam
928 3569 1045 3627 reolum
1067 3583 1123 3646 per
1143 3566 1284 3645 planetas
1303 3582 1410 3627 omues
1431 3569 1603 3639 extensam,

445 3662 538 3723 veluti
561 3666 698 3743 apposita
719 3663 818 3743 figura
839 3664 1027 3727 demonstrat
1049 3664 1102 3746 (1).

505 3762 559 3825 Die
579 3764 610 3838 9,
632 3766 706 3827 bora
727 3764 761 3839 5,
783 3766 850 3827 talis
871 3765 929 3826 iuit
948 3764 1114 3827 Stellarum
1136 3766 1326 3828 constitutio:

439 3971 483 4020 or.
771 3987 786 4017 a
997 3950 1049 4052 Θ
1065 3981 1115 4021 aa
1280 3984 1299 4019 a
1543 3971 1604 4021 ooe.

442 4170 599 4232 onentalis
621 4166 726 4229 aberat
745 4184 764 4227 a
783 4163 858 4226 lore
883 4164 957 4225 min.
978 4164 1011 4239 ⁷3
1034 4163 1174 4242 proxima
1205 4162 1443 4225 occidentalium
1466 4160 1599 4225 distabat

442 4271 516 4332 min.
537 4287 596 4333 sec.
618 4266 672 4344 to;
706 4267 745 4330 ab
776 4282 812 4328 ac
842 4282 972 4344 sequeus
999 4264 1105 4327 aburat
1130 4265 1204 4327 min.
1225 4281 1285 4328 soc.
1305 4264 1360 4339 203
1381 4262 1601 4326 occidentalior

502 4552 533 4609 (l)
551 4550 694 4616 fluensque
709 4552 907 4604 Observationes
919 4551 973 4615 iam
990 4557 1066 4603 antea
1082 4551 1165 4600 editae
1182 4549 1208 4597 iu
1224 4546 1379 4596 editionibus
1394 4545 1531 4597 omnibus:
1542 4546 1601 4596 roli-

442 4638 509 4693 quao
526 4639 541 4675 r
558 4628 630 4677 uobis
646 4631 749 4692 primis,
767 4636 797 4682 ut
811 4631 838 4683 in
854 4633 967 4683 editione
986 4637 1075 4684 nostru
1091 4629 1185 4681 Nuucii
1204 4627 1302 4677 Siderei
1326 4629 1386 4679 dicti
1405 4641 1495 4679 sumus
1521 4628 1601 4690 (Gal.

446 4709 493 4772 Op.
524 4709 551 4758 Τ.
578 4707 630 4767 111,
645 4723 705 4772 pop.
723 4715 824 4776 aaa),
850 4715 878 4764 lu
902 4713 988 4766 lucem
1005 4713 1121 4779 proditae
1136 4710 1244 4761 luerunt
1264 4721 1296 4759 ex
1318 4709 1503 4771 antborrapbls
1523 4711 1602 4772 lprlus

442 4793 557 4846 Galloni.
