4109 5934
463 629 507 689 :lli
801 644 942 689 τιιιιιιι
965 645 1129 693 ιιιιυιιιιιιι
1155 648 1281 697 ιιοτι·ιίι

536 765 605 826 ianr
629 766 774 828 ultimum
795 766 889 828 finem
905 767 997 848 bujus
1023 770 1163 849 prolixae
1184 771 1408 837 dissertationis
1431 780 1637 860 attingimus,

456 885 552 946 qnam
583 867 710 928 omnino
739 867 962 947 complevimus
987 871 1167 948 probando,
1188 872 1339 936 Tabulam
1367 874 1405 937 de
1438 896 1505 956 qua
1530 883 1636 961 agitur

456 966 515 1044 (Τ.
538 982 581 1040 ιι,
602 966 633 1028 Ρ.
654 984 697 1039 ιι,
718 986 786 1047 pag.
812 968 875 1045 32)
907 970 1010 1047 qualis
1035 990 1068 1033 se
1088 972 1177 1034 ollert
1203 974 1313 1036 ultima
1339 993 1395 1037 sua
1417 983 1636 1055 correctione,

453 1087 524 1130 eam
545 1087 729 1148 essequam
752 1068 801 1129 die
823 1069 857 1129 11
875 1071 940 1150 J'an.
954 1071 1031 1131 1617
1054 1071 1266 1153 bellosgnardi
1287 1074 1422 1137 diximus
1444 1076 1547 1142 luisse
1561 1101 1635 1144 con

454 1168 577 1231 tecum:
599 1171 681 1249 quod
701 1171 794 1231 ctiam
809 1178 988 1249 procuuctu
1011 1173 1206 1250 praecedenti
1227 1175 1440 1239 dissertatione
1461 1185 1632 1261 tamqnam

347 1354 352 1361 .
453 1269 590 1348 sigillum
611 1271 733 1332 valebit.

529 1367 650 1432 Cbartis
670 1369 760 1430 lii-til
783 1378 869 1450 tergo
888 1371 962 1432 Cod.
980 1389 1025 1446 rr,
1043 1372 1074 1433 P.
1093 1389 1139 1447 ιιι,
1160 1374 1300 1438 Galilens
1320 1378 1455 1439 rationes
1477 1381 1631 1455 institnit,

451 1468 565 1545 quibus
585 1471 724 1542 auritio,
754 1472 804 1534 die
824 1472 926 1544 dictu,
948 1473 986 1534 ad
1008 1491 1120 1536 noram
1142 1476 1281 1538 Tabulae
1306 1478 1535 1542 correctionem
1559 1499 1631 1560 per-

451 1568 543 1628 venit.
564 1567 625 1632 b'os
645 1591 700 1633 eas
719 1572 852 1632 breviter
873 1572 1063 1645 indicamus,
1077 1580 1111 1634 nt
1132 1576 1255 1638 tandem
1271 1576 1308 1638 ad
1330 1577 1476 1641 nitimnm
1501 1590 1631 1646 nostrae

452 1667 673 1732 dissertationis
695 1672 911 1750 perveniamus
933 1671 982 1748 ql).

431 1846 434 1853 Ι
529 1768 621 1831 Juxta
644 1773 723 1831 banc
739 1770 961 1832 correctionem
977 1770 1104 1833 adnotat
1117 1774 1252 1849 Auctor,
1265 1776 1350 1854 quod
1362 1775 1487 1838 initium
1505 1777 1630 1842 taciens

453 1888 471 1928 a
493 1868 613 1929 Tabula
634 1888 694 1929 non
717 1871 758 1929 ita
779 1867 897 1946 pridem
919 1867 958 1929 ab
978 1886 1016 1928 co
1037 1869 1068 1930 in
1090 1887 1181 1933 usum
1202 1880 1325 1946 vocata,
1346 1880 1486 1953 oportet:

453 2030 664 2091 adsrprotbo
685 2028 887 2079 diebnsaddcre
946 2031 1026 2076 ιη’
1074 2060 1102 2067 -
1138 2033 1362 2095 protobodiebns
1385 2033 1481 2082 addere
1539 2038 1625 2086 rau

451 2108 648 2176 ἃΙΘιιι
713 2113 1164 2163 ιωὶοῦθηθί-ιι
1229 2135 1243 2162 ιι
1316 2119 1620 2170 ιιΙιιίΙΙΙΙθηθΙΰ

451 2192 1241 2259 αἰΘιιιιιΜθωθῦ-ιιιι
1316 2200 1617 2252 ιιιᾶιΙειοὶῒί

450 2273 586 2344 ΜΘ»
633 2301 646 2327 ιι
710 2302 723 2326 ιι
825 2301 839 2327 ιι
942 2289 957 2327 tl
1005 2286 1019 2328 7
1071 2310 1099 2316 -
1148 2301 1162 2328 ιι
1226 2301 1240 2328 ιι
1312 2303 1326 2328 ιι
1421 2301 1435 2329 e
1534 2290 1615 2335 ild

529 2427 617 2490 Nunc
631 2430 859 2509 conjungantur
879 2432 955 2493 istac
974 2433 1160 2510 quantitates
1180 2433 1243 2495 illis
1257 2434 1463 2511 spectantibus
1484 2436 1623 2515 singulis

453 2527 528 2606 ipsis
547 2527 655 2589 dicbus
675 2529 708 2588 in
729 2528 921 2606 praecedenti
950 2528 1071 2592 Tabula
1095 2527 1136 2603 G,
1161 2537 1191 2592 ct
1222 2531 1375 2593 ridebitur
1400 2534 1559 2609 quomodo
1579 2553 1622 2597 ex

448 2623 508 2684 boe
528 2624 653 2685 caedem
676 2625 864 2688 adamussim
892 2629 1073 2705 provenient
1098 2629 1282 2706 quantitates
1307 2632 1338 2690 in
1368 2633 1620 2710 suprapositioue

447 2727 613 2794 contestas,
638 2740 718 2800 quae
743 2722 894 2785 Tabulam
923 2724 960 2786 de
990 2744 1052 2804 qua
1074 2728 1176 2806 agitur
1200 2728 1259 2790 snb
1278 2730 1420 2790 nltimam
1441 2748 1532 2792 suam
1556 2732 1619 2793 tor-

448 2842 532 2885 mam
553 2825 758 2898 constituunt,
780 2824 906 2902 qualem
934 2844 990 2888 nos
1018 2827 1076 2888 boc
1101 2829 1170 2890 loco
1191 2830 1391 2908 producimus
1411 2831 1552 2894 numeris
1572 2833 1620 2893 di·

448 2925 566 2987 stinctis
586 2924 645 3005 {nti
666 2926 699 2985 iu
721 2925 913 3003 praecedenti
940 2924 1086 3004 lecimus)
1109 2943 1166 3004 pro
1185 2927 1292 2988 diebus
1306 2947 1326 2988 a
1347 2928 1406 2988 100
1425 2927 1538 2989 deinde
1555 2974 1565 3003 ,
1585 2937 1620 2993 ut

446 3027 637 3105 comparatio
657 3025 711 3085 liat
731 3025 819 3085 valde
839 3024 994 3087 sensibilis
1024 3025 1154 3098 lectori;
1179 3029 1230 3088 cni
1261 3029 1396 3107 amplius
1418 3027 1556 3108 sibiipsi
1580 3032 1620 3092 li-

445 3127 526 3188 cebit
545 3126 723 3188 sutislucere
745 3128 862 3204 inquo
884 3125 1007 3187 additur
1028 3126 1192 3190 lac-simile
1215 3128 1266 3207 (ll.

520 3313 555 3374 (t)
572 3314 699 3370 Ulterius,
718 3319 748 3362 nt
762 3314 822 3363 alibi
838 3315 964 3371 diximus,
982 3315 1144 3364 referremus
1159 3328 1310 3377 processum
1327 3316 1404 3378 bnjus
1419 3318 1604 3370 remotionis.

520 3396 554 3456 (2)
570 3393 694 3455 Quamvis
708 3395 862 3444 abhorream
878 3396 942 3458 quin
958 3396 1082 3444 recorder
1097 3396 1280 3444 contentiones
1295 3401 1400 3446 vexatas
1415 3411 1477 3446 curn
1492 3398 1613 3459 primum

447 3489 489 3526 me
500 3478 550 3526 boc
558 3477 724 3540 Gableiopns
732 3477 861 3527 invenisse
877 3480 1012 3536 nunciavi,
1024 3483 1202 3541 opportunum
1213 3479 1332 3528 existimo
1344 3479 1394 3528 boc
1405 3478 1463 3529 loco
1471 3480 1616 3532 obscurum

446 3562 582 3606 auctorem
599 3558 783 3621 aepistolarnm
795 3560 826 3608 ad
837 3559 970 3609 doctorem
987 3559 1089 3608 Bedetti
1100 3573 1148 3609 nec
1158 3574 1211 3609 non
1230 3559 1261 3608 ad
1274 3561 1448 3622 professorem
1464 3562 1573 3612 (imeri
1584 3567 1617 3615 ad

447 3643 526 3704 bajus
536 3641 714 3690 illustrationis
723 3642 835 3690 trdmnal
845 3655 947 3691 rorare:
956 3642 1035 3705 quod,
1044 3646 1073 3690 ut
1082 3646 1155 3704 puto,
1167 3639 1323 3703 amplissima
1332 3643 1466 3704 responsio
1473 3648 1513 3691 est
1522 3645 1556 3701 ei,
1569 3646 1619 3709 qni

446 3738 489 3774 me
499 3724 668 3774 audacissime
684 3721 826 3770 hcesoebn
836 3723 862 3771 in
874 3721 1008 3783 publicum
1015 3721 1128 3785 prodere
1137 3726 1288 3784 pnesentoe
1295 3721 1415 3780 Tabulas,
1425 3737 1535 3786 qnamnr
1546 3725 1617 3787 ipse,

445 3809 490 3871 qni
502 3820 634 3868 nunquam
645 3807 749 3855 (odim
766 3804 905 3852 Palatinos
920 3807 1031 3855 eruerat.
1042 3806 1207 3854 existentiam
1220 3806 1386 3867 impudenter
1399 3807 1518 3869 negabat.
1532 3807 1566 3857 Et
1578 3810 1617 3860 ita

445 3889 511 3954 prol.
519 3887 634 3938 turnum
642 3887 840 3950 redarguoqui,
850 3888 917 3935 inter
926 3887 984 3944 alia,
995 3886 1089 3952 quibus
1099 3886 1191 3936 deinde
1202 3888 1425 3949 respondebimus,
1432 3888 1617 3942 nondubitrrit

444 3972 509 4022 baec
525 3970 603 4019 rerba
619 3981 708 4017 coram
719 3966 820 4017 Gallico
837 3966 961 4016 instituto
976 3968 1017 4016 die
1035 3971 1065 4015 28
1083 3968 1185 4031 augusti
1204 3970 1264 4015 18⁸3
1280 3968 1414 4029 prolerre:
1435 3968 1549 4017 Tubalne
1559 3974 1618 4035 qai·-

442 4055 487 4105 tos
505 4053 624 4103 Gulileua
639 4053 694 4097 ruis
710 4049 923 4097 nrluotntr'ouibrrs
941 4050 1062 4098 lectorem
1078 4051 1172 4104 mittit,
1196 4051 1338 4099 nullimode
1364 4055 1518 4110 (sermidam
1543 4069 1613 4117 qrrne

440 4139 506 4186 mibi
521 4139 680 4200 rer-ipsemet
685 4137 698 4195 )
711 4135 738 4180 in
749 4132 911 4182 Bibliotheca
928 4132 1055 4181 Palatino
1065 4133 1090 4182 F
1091 4133 1216 4182 toreutice
1232 4137 1408 4182 continentur.
1425 4135 1496 4184 llaec
1507 4135 1614 4189 Librins

440 4235 556 4271 asserere
574 4220 658 4285 potuit
675 4223 813 4282 postquam
829 4216 977 4280 praeclarus
994 4217 1183 4282 lnpbiramins,
1200 4217 1310 4282 epistola
1323 4219 1491 4281 supracitata,
1505 4221 1609 4282 publice

440 4306 523 4356 lamus
538 4311 607 4356 crat:
632 4319 659 4354 se
680 4305 790 4357 vidisse,
805 4308 884 4365 utque
903 4304 1022 4350 tremine·
1037 4303 1165 4365 subruisse
1182 4304 1275 4352 lorum
1294 4301 1443 4351 tobalnnrrrr
1460 4304 1616 4359 nemitos,

438 4394 612 4454 trurracriptns
627 4407 661 4441 ea
681 4390 838 4441 Gutileionis
854 4389 932 4440 llss.
951 4388 1107 4453 liujusmodi
1123 4389 1303 4440 declarationis
1320 4386 1421 4435 Librius
1436 4386 1532 4435 inscius
1551 4401 1610 4438 esse

439 4485 492 4519 non
509 4477 619 4533 poterat,
636 4487 698 4526 cunr
716 4473 760 4524 ille
776 4472 845 4522 idem
861 4472 990 4522 asserebat
1002 4487 1031 4523 se
1043 4487 1104 4536 prae
1119 4470 1204 4523 oculis
1221 4469 1340 4520 babuisse
1351 4479 1430 4514 ournc
1441 4468 1511 4530 qnod
1522 4469 1608 4521 lucrat

438 4554 470 4601 dr
487 4553 535 4602 bac
553 4565 580 4602 re
597 4556 722 4617 scriptum
739 4562 816 4622 atquc
834 4557 999 4620 impressum.
1018 4555 1166 4620 llesqondat
1185 4566 1267 4605 ιιιιιιι,
1286 4551 1307 4598 si
1322 4549 1433 4601 audeat.
1453 4548 1561 4597 librius.

1179 4697 1336 4740 croesus
1356 4683 1513 4736 remmis-
