4109 5934
719 752 915 800 srtcttttawtt
938 751 980 798 nx
1003 749 1216 798 ruarmsromc
1246 749 1380 796 cacum
1535 735 1600 800 615

470 894 613 960 tcstatur,
635 885 669 946 in
691 901 757 965 qua
777 883 842 964 {uit
861 882 965 964 posita
986 879 1160 962 parataen
1184 878 1265 944 Solis
1289 876 1310 943 3
1332 880 1540 952 minutarum,
1564 891 1599 945 ut

468 1003 633 1066 certissima
645 999 868 1074 demonstrata,
879 1016 978 1080 quare
998 997 1112 1062 Martis
1126 997 1300 1078 paratacts
1315 996 1429 1079 prodiit
1444 995 1519 1061 aaa
1533 999 1597 1060 cir-

469 1121 546 1184 citer
562 1119 700 1182 minuta:
720 1134 792 1180 cum
806 1134 861 1196 epo
879 1133 919 1179 cm
936 1116 995 1178 iitis
1013 1116 1089 1196 ipsis
1105 1099 1382 1185 obseruationibus,
1398 1132 1478 1197 quas
1494 1113 1599 1197 Tpcito

463 1244 675 1320 proposuerat,
693 1243 865 1315 computem
880 1230 995 1297 Martis
1009 1233 1191 1313 acraupctii
1203 1233 1396 1312 parattacim
1415 1251 1479 1295 uon
1496 1232 1599 1313 majo·

466 1372 530 1418 rem
554 1353 576 1415 2
597 1352 743 1416 minutis:
765 1359 904 1413 attamen
925 1367 974 1413 res
998 1356 1105 1411 manet
1127 1346 1233 1414 codcm
1256 1356 1358 1411 statu:
1375 1346 1489 1411 Martis
1512 1348 1599 1414 stetta

465 1491 505 1536 cc
524 1471 686 1553 parattaot
708 1469 730 1532 2
751 1461 948 1533 minutorum
971 1470 1006 1551 pit
1023 1469 1170 1548 proprior
1191 1469 1256 1548 ipsa
1278 1464 1360 1542 Soie,
1376 1475 1411 1530 ut
1433 1467 1525 1548 cujus
1538 1485 1598 1548 pa-

463 1590 595 1654 ratiaais
616 1591 758 1653 munima
776 1606 838 1652 nan
862 1587 1004 1651 excurrit
1025 1605 1125 1668 usque
1143 1585 1186 1649 ad
1204 1586 1373 1662 3minuta,
1390 1594 1425 1648 ut
1442 1586 1591 1649 hactenus

465 1709 617 1773 creditum
638 1708 713 1790 [uit.
735 1703 792 1771 Ex
817 1705 1004 1770 tractatione
1032 1705 1115 1768 enim
1138 1700 1312 1784 Eatipsium
1335 1701 1465 1775 lunas,
1490 1704 1599 1768 crebro

463 1826 509 1890 cet
531 1827 617 1890 nutta
638 1825 685 1890 oet
706 1827 802 1889 unius
825 1825 919 1888 solius
935 1825 1050 1887 minuti
1060 1823 1238 1904 paratiaais
1254 1823 1385 1896 cticitur,
1405 1823 1594 1906 quantaque

462 1943 628 2016 immanis,
647 1949 741 2022 prout
763 1940 883 2021 suerint
907 1939 1097 2003 conditiones
1120 1939 1250 2002 umbrae
1281 1946 1309 2001 ct
1344 1938 1599 2002 circunutautine

457 2058 595 2136 phisicae
618 2055 767 2119 uetueris
793 2057 924 2127 terreni,
947 2056 995 2118 usi
1017 2055 1173 2118 aetheriae
1195 2055 1404 2130 substantiae,
1427 2057 1512 2121 circa
1537 2053 1599 2121 So·

459 2177 517 2238 tem
539 2177 643 2256 ipsum
664 2175 773 2256 susae:
795 2193 876 2257 quac
898 2176 1038 2238 uarietas
1063 2174 1224 2254 nepocium
1247 2175 1303 2237 iac
1335 2173 1598 2248 sutttttutmun,

458 2293 634 2359 atitudinis
657 2289 740 2356 Satis
762 2310 783 2356 a
805 2301 911 2356 centro
927 2300 1040 2365 terrae,
1055 2292 1185 2374 ejusque
1192 2291 1407 2377 parationem,
1424 2291 1597 2373 plurimum

457 2412 637 2492 perturbat:
658 2419 693 2472 ut
717 2418 846 2474 testatus
870 2427 941 2473 sum
955 2411 991 2473 in
1004 2407 1155 2490 Epitama
1170 2410 1379 2472 astronomiae
1396 2420 1471 2474 unte
1492 2409 1513 2476 3
1531 2428 1596 2473 an·

459 2547 515 2593 nos
534 2528 628 2591 edita.

549 2643 641 2722 Quat
662 2648 689 2709 si
711 2647 783 2728 quis
807 2649 842 2708 in
864 2645 1055 2718 methodum,
1078 2662 1142 2726 qua
1165 2642 1361 2708 Ptotemaeus
1384 2653 1428 2706 est
1453 2662 1530 2708 usus
1554 2645 1589 2707 in

457 2766 674 2830 constituenda
691 2762 772 2828 Satis
795 2764 977 2835 attitudinc,
1002 2764 1145 2845 inquirat
1164 2763 1361 2842 stitipcntius,
1390 2762 1590 2827 demonstra·

456 2883 548 2946 tionis
570 2881 695 2965 quictem
716 2883 885 2964 artificium
907 2883 1066 2961 sarapion
1099 2888 1228 2944 summis
1263 2882 1385 2945 cutattet
1423 2881 1591 2951 laudibus:

454 3008 616 3081 assumpta
637 3018 710 3064 ocra
732 2999 957 3081 pronunciaiit
990 3001 1239 3081 suspectissisna,
1273 3009 1426 3082 tanquam
1459 2999 1501 3063 ad
1533 3001 1589 3062 noa

454 3120 565 3199 ipsum,
588 3117 672 3199 quati
687 3117 882 3182 Ptolemaeus
896 3135 917 3181 a
934 3118 1088 3181 actoribus
1106 3126 1366 3198 transumpserat,
1382 3116 1587 3199 evincendum

452 3235 633 3300 subornata.
1222 3303 1225 3307 ,

540 3351 583 3416 In
606 3353 882 3435 compensatiouem
905 3359 1008 3414 tamen
1033 3352 1129 3431 nujus
1151 3351 1270 3429 damni,
1292 3352 1377 3417 ciicio
1394 3373 1451 3433 epa
1465 3371 1506 3418 eu
1521 3351 1583 3416 So·

452 3470 566 3534 tarium
587 3469 744 3551 cciipsium
767 3469 977 3533 obseruatione
996 3466 1181 3548 paratiaain
1206 3465 1304 3544 Satis,
1319 3487 1400 3551 quae
1417 3471 1586 3552 quanptu-
1618 3523 1620 3526 .

450 3587 536 3650 rimis
559 3586 720 3668 eclipsibus
742 3585 932 3664 satisfaciat,
954 3603 1018 3648 non
1043 3585 1193 3665 majmcm
1214 3603 1279 3648 uua
1305 3587 1443 3659 minuto,-
1468 3590 1586 3671 coufir-

447 3722 559 3787 maauc
582 3706 663 3769 itanc
684 3702 766 3769 Satis
788 3703 1006 3778 altitudinem,
1024 3703 1122 3784 panto
1144 3705 1296 3766 minarcm
1319 3703 1414 3784 tripla
1448 3706 1586 3770 creditas

449 3825 609 3897 hactenus,
633 3826 782 3907 confirma
805 3824 936 3906 inquam
958 3823 1136 3898 rationibus
1159 3819 1389 3904 Archetypum,
1412 3841 1507 3906 quac,
1531 3841 1588 3887 ne·

446 3943 508 4007 scio
518 3943 670 4025 quomado
681 3945 822 4019 cacteris,
834 3944 911 4006 miti
921 3944 1033 4007 saitem
1048 3943 1166 4024 eprepic
1183 3942 1395 4023 satisfaciunt.
1420 3938 1475 4006 Sic
1488 3943 1587 4022 ipitur

443 4059 620 4140 paraiiaais
644 4057 727 4125 Satis
752 4062 851 4125 trium
874 4062 1092 4135 minutorum,
1115 4079 1136 4125 a
1162 4058 1306 4145 Tpcttane
1334 4078 1442 4123 secure
1475 4060 1582 4124 minus

445 4194 591 4242 concessa
613 4179 772 4243 ueteribus
794 4188 824 4242 et
846 4179 974 4253 credita,
993 4197 1054 4260 per
1073 4184 1210 4262 potiores
1229 4178 1486 4242 ratiocinationes
1500 4196 1520 4240 a
1536 4195 1585 4240 mc

444 4295 573 4361 rcdacta
595 4306 640 4359 sst
662 4297 705 4360 ad
729 4314 829 4359 unum
851 4300 1020 4376 minutum,
1033 4299 1210 4378 parattacts
1228 4315 1301 4360 asro
1318 4294 1433 4359 Martis
1450 4297 1485 4359 in
1503 4292 1587 4359 Soiis

442 4416 579 4497 opposito
602 4418 638 4478 in
664 4415 808 4491 Cancro,
830 4418 994 4480 obseruata
1016 4426 1061 4480 est
1085 4435 1108 4479 a
1133 4415 1256 4479 Braiteo
1290 4415 1425 4513 duarum
1461 4416 1586 4476 circiter

441 4535 647 4605 minutarum,
669 4543 697 4596 et
718 4536 763 4596 sic
788 4533 892 4613 maiar
915 4531 1037 4603 Saturi:
1059 4532 1174 4616 quibus
1192 4532 1315 4611 positis,
1339 4532 1485 4612 sequitur
1510 4547 1587 4616 cnr-

440 4666 511 4712 sum
535 4648 650 4714 Martis
673 4651 761 4713 circa
785 4646 890 4713 Solem
912 4650 1068 4720 ordinari,
1092 4647 1177 4730 quod
1197 4666 1238 4711 esc
1257 4644 1414 4728 Tyanonis
1430 4648 1585 4728 hypatius·

440 4768 524 4832 eiius
547 4769 717 4833 incuicauit
741 4766 885 4833 Sarsius.
910 4766 954 4832 ttc
976 4769 1121 4841 uicissim,
1141 4768 1255 4850 siquis
1272 4769 1382 4848 recipit
1400 4768 1581 4848 appositam
