4109 5934
886 763 1008 811 sonnnts
1032 763 1166 812 sursunt
1522 753 1584 818 151

458 905 584 978 aqatur,
606 896 793 978 redeatques
814 896 918 962 eadem
930 898 1065 979 stamina
1079 916 1100 962 a
1113 898 1252 977 sontibus
1277 901 1311 961 in
1335 916 1420 962 mare
1443 901 1583 978 effluant,

457 1015 583 1078 amari
602 1015 638 1076 in
659 1015 759 1094 sontes
784 1013 933 1086 redeant:
965 1014 1095 1096 denique
1130 1016 1266 1080 nomines
1302 1017 1347 1079 isis
1380 1019 1582 1097 pereuntibus

457 1139 632 1198 nascautur
653 1132 729 1204 aiii:
750 1149 930 1214 semperque
955 1134 1063 1197 eadem
1095 1134 1135 1196 sit
1169 1133 1277 1212 [01010
1300 1135 1404 1206 uitae:
1425 1135 1504 1198 ninii
1525 1137 1584 1198 sub

458 1248 527 1317 Sole
548 1269 676 1317 nouum

546 1366 674 1432 Nuiium
702 1368 795 1432 audis
825 1369 936 1448 doqma
966 1370 1148 1451 Pitqeicum.
1185 1381 1295 1428 Nomou
1317 1383 1361 1437 est
1391 1374 1518 1438 moratis
1540 1376 1587 1436 rei

457 1503 538 1566 quue
556 1503 615 1566 per
636 1501 667 1549 se
687 1494 788 1567 patet,
811 1495 840 1549 et
862 1487 1049 1552 observatur
1070 1491 1210 1555 omnium
1241 1492 1354 1565 ocutis,
1388 1490 1441 1554 sed
1469 1509 1584 1572 porum

454 1602 671 1683 perpenditurs
692 1618 760 1666 eom
782 1602 880 1683 iqitur
902 1602 1052 1669 Saiomon
1080 1607 1227 1670 incuicat.
1265 1604 1345 1682 Quis
1379 1608 1462 1669 enim
1490 1609 1584 1671 nescit

460 1718 592 1785 Terram
612 1738 732 1803 snnper
752 1700 881 1787 eandem
898 1723 983 1785 esse?
1017 1720 1096 1798 Quis
1127 1741 1191 1787 non
1221 1725 1313 1799 uidet,
1346 1722 1449 1801 Soiem
1477 1726 1584 1806 quoti-

455 1838 504 1904 die
525 1841 566 1904 ab
590 1837 672 1904 Ortu
697 1857 873 1920 resurqere,
893 1840 1028 1921 flumina
1049 1841 1231 1921 perenniter
1255 1841 1421 1903 decurrere
1437 1842 1471 1904 in
1486 1859 1583 1916 mare,

453 1964 617 2022 uentorum
638 1965 738 2022 statas
760 1957 862 2021 redire
885 1958 1129 2032 vicissitudines,
1152 1959 1290 2022 nomines
1314 1959 1391 2022 otios
1415 1959 1486 2022 otiis
1509 1976 1583 2022 suc-

454 2073 576 2139 cedere?
600 2071 680 2150 Quis
702 2092 774 2139 vero
795 2074 956 2156 perpendit
979 2075 1110 2138 eandem
1133 2076 1187 2153 aqi
1207 2085 1357 2155 perpetuo
1379 2076 1462 2137 oitoe
1484 2075 1581 2154 saiu-

449 2191 532 2265 iam‚
556 2191 687 2255 mutatis
708 2194 871 2273 personis:
895 2209 949 2253 nec
973 2191 1145 2273 quidquam
1169 2193 1204 2253 in
1227 2193 1320 2254 rebus
1344 2191 1490 2256 numanis
1522 2210 1581 2256 uo·

451 2327 525 2372 uum
536 2309 627 2373 esse?
644 2308 754 2391 itaque
767 2308 916 2374 Salomon
933 2313 1223 2375 commemoratione
1241 2328 1358 2378 eorum,
1375 2329 1457 2390 quae
1472 2310 1577 2374 uident

449 2443 567 2500 001011,
589 2427 740 2492 adnonet
754 2427 833 2507 ejus,
857 2427 940 2509 quod
961 2445 982 2489 a
1002 2427 1159 2510 plerisque
1180 2445 1344 2508 perperam
1380 2424 1578 2506 inteiiiqitur.

539 2537 666 2609 Psaimo
685 2562 759 2610 ocra
782 2543 870 2608 cm
887 2553 1002 2624 putant
1016 2545 1147 2609 omnino
1169 2545 1413 2625 disputationem
1428 2545 1583 2608 contineri

451 2662 642 2744 Pitqsicam,
668 2662 794 2744 quondo
826 2663 862 2726 de
896 2664 990 2726 rebus
1024 2663 1159 2742 pnqstn's
1194 2671 1276 2726 totus
1314 2672 1369 2724 est.
1400 2659 1504 2743 Atque
1537 2663 1582 2724 idi

456 2778 673 2844 Benedicitur
697 2781 845 2860 fundasse
869 2783 1003 2845 Terram
1026 2798 1124 2860 snper
1146 2780 1361 2843 stabilitatem
1384 2797 1495 2842 suam:
1515 2798 1580 2843 non

451 2899 663 2962 inclinabitur
687 2900 721 2962 in
744 2899 891 2963 seculum
924 2897 1036 2961 seculi.
1060 2895 1159 2978 Atqui
1183 2898 1356 2976 tonqissime
1379 2899 1464 2960 otest
1490 2897 1581 2960 Psat-

449 3027 493 3079 tes
516 3036 536 3080 u
558 3019 765 3098 speculatione
788 3036 959 3081 causarum
979 3017 1194 3098 pitqsicaruns.
1223 3013 1251 3077 T
1249 3027 1320 3079 otus
1344 3019 1429 3079 enim
1451 3020 1579 3099 acquie-

448 3135 504 3198 scit
534 3135 569 3197 in
595 3135 813 3216 mapnitudine
850 3132 917 3206 Dei,
955 3135 1010 3215 qui
1041 3135 1112 3214 [ecit
1148 3136 1222 3197 naec
1252 3134 1374 3207 omnia,
1408 3134 1579 3215 dopmnum-

449 3271 508 3333 que
533 3253 646 3334 panqit
669 3250 733 3317 Deo
757 3252 938 3322 Conditori;
960 3252 995 3313 in
1018 3269 1080 3333 quo
1104 3250 1282 3322 Mundum,
1318 3261 1353 3314 ut
1388 3253 1414 3314 is
1450 3258 1580 3332 apparet

448 3369 566 3442 oouiis,
586 3373 743 3451 percurrit
764 3370 881 3435 ordine.
910 3366 1001 3444 Quod
1022 3371 1051 3431 si
1077 3369 1149 3431 bene
1171 3369 1363 3450 perpendas,
1387 3379 1580 3434 commento·
1706 3457 1708 3461 ¹

448 3486 518 3548 rius
540 3493 699 3568 estsuper
725 3485 943 3550 Heooemeron
980 3483 1139 3549 Geneseos.
1176 3483 1258 3549 Nam
1291 3494 1326 3548 ut
1360 3487 1395 3548 in
1430 3488 1481 3550 1110
1518 3497 1577 3549 1111

445 3602 543 3683 primi
563 3603 624 3668 dies
646 3604 711 3669 dati
731 3615 806 3668 sunt
829 3606 1018 3683 separationi
1042 3603 1241 3684 Reqiooum,
1275 3605 1397 3683 primus
1435 3603 1526 3667 ducis
1560 3624 1579 3666 a

448 3723 582 3787 tenebris
604 3725 822 3797 exterioribus,
846 3723 999 3787 secundus
1024 3720 1194 3804 Aquarum
1217 3723 1257 3785 ab
1273 3721 1364 3801 aquis
1389 3724 1577 3802 interpositu

446 3841 590 3920 expansi,
612 3841 723 3903 tertius
750 3837 922 3904 Terrarum
944 3857 964 3901 o
986 3840 1138 3910 maritus,
1155 3838 1210 3901 ubi
1231 3846 1317 3901 terra
1335 3837 1469 3900 vestitur
1484 3837 1578 3917 ptan-

447 3954 485 4017 tis
509 3965 539 4017 et
560 3956 725 4034 stirpibus:
750 3964 809 4018 tres
834 3974 906 4020 cero
927 3955 1111 4036 posteriores
1130 3953 1193 4016 dies
1215 3951 1389 4033 Reqionum
1403 3953 1447 4014 sic
1463 3952 1577 4014 distin-

444 4081 570 4137 ctarum
592 4074 786 4156 impletioni,
808 4083 941 4156 quartus
968 4072 1065 4146 Coeii,
1090 4075 1220 4156 quintus
1251 4070 1391 4136 Marium
1418 4077 1446 4132 et
1471 4069 1577 4144 Aeris,

443 4197 552 4254 sentus
586 4189 779 4255 Terrarum:
802 4193 846 4254 sio
870 4194 904 4254 in
927 4192 982 4255 tac
1002 4191 1123 4271 psalmo
1146 4199 1220 4253 sunt
1249 4188 1435 4259 distinctae,
1463 4194 1491 4248 et
1518 4204 1577 4247 sese

443 4306 567 4371 dierum
589 4309 730 4389 operibus
752 4309 901 4387 anuloque
922 4314 1027 4387 partes
1051 4306 1185 4369 totidem.

534 4421 617 4488 Nam
641 4441 734 4489 uersu
762 4424 895 4486 secundo
921 4421 1056 4494 Lucem,
1078 4431 1299 4484 creaturarum
1325 4418 1481 4498 primam,
1506 4417 1574 4497 pri·

444 4559 575 4622 mosque
597 4542 658 4605 diei
680 4561 778 4623 opus,
805 4539 945 4603 Creatori
968 4539 1141 4603 circumdat
1162 4556 1220 4620 pro
1241 4539 1432 4599 vestimento.
1488 4589 1493 4596 .

535 4658 683 4724 Secunda
702 4679 778 4742 pars
801 4660 909 4739 incipit
931 4676 1026 4720 ocrsn
1051 4658 1150 4726 tertio,
1166 4658 1292 4736 aqitqne
1315 4653 1350 4716 de
1371 4654 1463 4735 aquis
1479 4669 1575 4732 super

443 4779 631 4856 coetestttus,
653 4781 829 4845 protensione
854 4776 945 4851 dosii,
964 4786 991 4838 ct
1010 4776 1045 4838 dr
1066 4773 1219 4849 stercoris,
1244 4791 1323 4855 qunc
1339 4771 1462 4836 uidetur
1480 4769 1572 4834 Psoi*
