4109 5934
807 730 958 778 erosoou
982 732 1039 777 rso
1063 733 1206 780 GALtLAEtr
1513 722 1577 786 515

452 865 603 948 probatur
625 881 666 928 ex
688 864 829 927 omnium
849 872 978 944 patrum
1002 864 1199 945 testimonio5
1226 868 1280 948 qui
1308 868 1435 948 insuper
1462 871 1581 933 mount

454 986 585 1066 Moysen
602 984 751 1067 populari
768 983 847 1063 stpio
863 1001 967 1057 usum,
987 1002 1052 1047 non
1068 984 1298 1064 philosophicoc
1318 995 1346 1048 et
1365 988 1469 1067 potius
1483 987 1581 1068 juata

450 1119 576 1167 sensum
587 1101 694 1184 piehir,
709 1104 804 1185 quum
814 1102 916 1183 juata
932 1101 1175 1183 philosophicum
1191 1102 1386 1166 intellectum.
1408 1102 1493 1168 Unde
1507 1123 1580 1168 eum

448 1230 524 1286 essct
547 1221 697 1304 mirificus
720 1220 756 1284 in
777 1221 863 1284 omni
885 1219 1018 1282 scientia
1050 1219 1157 1282 dimna
1189 1226 1218 1282 et
1251 1220 1412 1294 humana,
1442 1223 1581 1285 imbutus

450 1341 536 1405 omni
549 1340 711 1423 sapientia
736 1338 974 1421 Aeppptiarum,
997 1346 1033 1402 ut
1057 1339 1171 1403 diciten·
1196 1338 1265 1402 Act.
1291 1340 1356 1409 vlt,
1380 1348 1408 1402 et
1430 1338 1522 1405 Philo
1544 1358 1582 1405 ac

449 1459 602 1542 Josephus
622 1460 778 1543 probant:
802 1459 846 1523 sis
870 1459 986 1540 popuio
1008 1459 1153 1539 satisfecit
1190 1467 1225 1522 ut
1261 1467 1364 1521 tamen
1384 1456 1579 1540 phpiasaphis

449 1574 645 1655 satisfecerat.
667 1570 811 1655 Namque
834 1574 941 1635 amnia
964 1589 1029 1635 non
1051 1572 1151 1636 sotum
1169 1591 1210 1637 eos
1228 1573 1342 1648 uerbis,
1358 1572 1411 1636 sui
1425 1593 1465 1638 ea
1479 1576 1581 1656 [actis.

372 1766 380 1773 ,
448 1689 645 1770 inteiiipenda
664 1690 746 1754 dedit
768 1692 812 1754 eis
835 1691 891 1772 qui
913 1691 1040 1772 mystice
1064 1690 1261 1770 inteih'punt:
1291 1699 1325 1753 ut
1347 1700 1431 1773 patet
1450 1694 1485 1754 in
1504 1710 1581 1757 con·

443 1809 612 1874 structione
633 1808 826 1873 tahcrrsacuii
853 1808 895 1872 ad
924 1810 1027 1872 instar
1060 1811 1260 1882 coetestium,
1283 1819 1312 1874 et
1336 1809 1371 1871 de
1395 1810 1580 1874 candelabro

447 1929 502 1992 uhi
521 1936 634 2011 septem
650 1911 819 2011 planetae,
845 1937 874 1992 et
907 1927 942 1991 eie
977 1930 1113 1993 aestibus
1148 1928 1286 1993 daronis
1310 1930 1367 1992 uiri
1390 1937 1471 1993 totus
1496 1931 1580 1993 orbis

447 2056 603 2111 terrarum
623 2055 653 2112 st
674 2048 838 2128 manatio
856 2057 1027 2129 parentum
1058 2050 1197 2129 haurata
1220 2056 1333 2120 erant,
1354 2057 1391 2111 ut
1414 2049 1489 2112 dicit
1513 2046 1581 2111 Sa-

449 2161 561 2240 to'mon,
583 2161 725 2246 Sapient.
750 2166 864 2239 xviii,
878 2173 906 2228 et
918 2166 1031 2246 prohat
1055 2164 1175 2229 Pautus
1192 2165 1235 2228 aei
1248 2163 1415 2238 Hebraeos,
1439 2173 1468 2227 et
1492 2162 1580 2227 flatr-

450 2271 523 2346 hini.
550 2280 750 2365 Quapropter
773 2282 973 2364 Aupustinus
1000 2292 1029 2347 et
1054 2282 1291 2364 chrysostomus
1319 2284 1427 2345 docent
1451 2281 1582 2363 Moysen

448 2402 642 2484 Anpciorum
664 2405 851 2468 creationem
874 2403 1018 2479 tacuisse,
1041 2402 1124 2484 quad
1145 2403 1238 2466 rudes
1252 2403 1363 2483 popuii
1382 2420 1447 2466 non
1465 2410 1579 2483 patus·

447 2524 513 2587 rint
534 2521 701 2604 intcih'pere
722 2541 770 2587 res
792 2524 1014 2605 incorporeasc
1036 2540 1088 2599 ac,
1111 2540 1183 2586 eum
1202 2523 1297 2602 pratri
1318 2529 1419 2584 essent
1442 2521 1483 2585 ad
1510 2519 1578 2582 ido-

447 2641 593 2718 tatriam,
615 2660 654 2705 ne
677 2640 741 2707 iiior
764 2643 954 2707 adorarent:
978 2641 1116 2717 interim,
1139 2658 1213 2704 cum
1235 2640 1316 2705 eiiait
1335 2638 1479 2721 socienda
1504 2638 1578 2704 Coe-

448 2760 534 2836 tum‚
558 2759 615 2825 fiat
640 2760 710 2834 iux,
737 2759 772 2823 tie
799 2761 915 2841 anpeiis
938 2758 1069 2840 inteiiipi
1091 2776 1181 2841 posse
1204 2758 1290 2840 apud
1312 2758 1473 2838 sapientes.
1500 2756 1580 2820 Item

448 2895 504 2940 nee
518 2877 554 2940 de
566 2878 698 2942 materia
717 2877 798 2958 piehi
813 2879 1000 2941 mentionem
1019 2894 1092 2939 eum
1105 2876 1224 2955 secisse,
1243 2874 1297 2938 sed
1313 2891 1417 2956 aquas
1433 2882 1462 2936 et
1479 2884 1579 2938 terrae

447 2995 571 3060 nomine
593 2997 679 3078 opud
699 2997 801 3061 doctos
825 2996 956 3076 intciiipi
976 3012 1072 3076 posse.
1093 2994 1172 3058 item
1186 2994 1290 3075 posuit
1306 3011 1361 3057 seeo
1377 2995 1438 3057 dies
1456 2992 1578 3074 Moyses

446 3115 661 3190 inescatione,
680 3116 736 3196 aui
756 3114 937 3196 Aupustino
952 3132 1016 3178 non
1031 3122 1107 3178 sunt
1120 3113 1249 3195 physici.
1268 3112 1349 3175 sicut
1371 3112 1501 3174 caeteris
1518 3128 1579 3187 pa·

448 3230 570 3306 trihus,
589 3230 646 3294 sed
677 3231 822 3312 anpeiici.
856 3230 937 3295 Item
961 3231 1001 3292 D.
1030 3228 1163 3294 Thomas
1187 3230 1221 3292 in
1249 3202 1376 3304 Quaest.
1400 3227 1464 3301 68,
1486 3246 1519 3308 p.
1544 3247 1577 3309 p.

446 3346 540 3424 docet,
561 3365 617 3412 nec
640 3347 676 3411 eie
698 3366 769 3412 aere
791 3350 978 3412 mentionem
1000 3346 1105 3427 secisse
1128 3344 1268 3427 Moysen,
1293 3349 1445 3429 quoniam
1465 3347 1577 3429 papuio

445 3465 520 3528 medi
530 3466 608 3529 nihii
617 3468 761 3548 ipnotum
773 3484 943 3548 proponere
958 3465 1107 3530 ooiuerit:
1120 3474 1162 3527 est
1179 3473 1285 3528 autem
1300 3467 1443 3545 ipnotum
1453 3465 1576 3548 popuio,
1698 3483 1700 3487 ’

443 3602 487 3648 an
509 3603 564 3648 aer
586 3585 626 3648 sit
648 3603 775 3667 eorpus,
797 3588 949 3668 quoniam
970 3583 1146 3658 invisibilis,
1167 3583 1219 3645 sed
1237 3600 1295 3663 per
1318 3585 1459 3647 tenebras
1482 3598 1578 3663 super

443 3701 557 3780 facicm
576 3704 681 3785 ahpssi
715 3704 886 3768 insinuari.
910 3702 965 3769 Sic
988 3721 1093 3768 omnes
1111 3713 1219 3783 patres
1244 3709 1366 3765 testum
1390 3701 1510 3782 Moysis
1534 3698 1577 3762 ad

442 3817 665 3900 philosophiam
688 3821 856 3894 trahentes.
867 3825 942 3902 pars¹
959 3837 1111 3886 consensu
1126 3827 1279 3883 excusant
1296 3817 1363 3899 ejus
1378 3816 1506 3883 madum
1530 3815 1580 3875 to-

444 3938 561 4018 quenth'
582 3957 623 4003 en
643 3940 750 4022 popuii
771 3943 987 4023 incapacitate.
1007 3940 1093 4004 Unde
1113 3938 1304 4002 Anastasius
1334 3940 1506 4019 episcopus.
1539 3924 1585 3989 ad

442 4073 593 4121 sensuum
608 4057 786 4139 aitepom‘am
799 4061 897 4142 mapis
913 4061 1083 4143 inspexisse
1105 4057 1248 4142 Moysen,
1271 4058 1307 4120 in
1328 4057 1394 4121 suis
1417 4043 1586 4128 aiteporiis

442 4192 537 4256 super
559 4174 690 4258 Moysen
711 4178 855 4269 ostenciit.
884 4176 1023 4242 Tandem
1043 4177 1294 4260 chrysostomus,
1317 4175 1413 4256 hujus
1430 4161 1591 4251 pruden-

443 4292 504 4356 tias
527 4292 686 4360 Moesicae
704 4292 820 4378 praeco
835 4298 1007 4374 monimus,
1030 4313 1102 4360 cum
1125 4296 1348 4375 atleporiorum
1370 4293 1410 4353 sit
1434 4287 1502 4368 tere
1530 4277 1597 4337 ho·

442 4409 508 4484 stis,
533 4419 561 4473 et
583 4410 626 4476 ati
649 4411 800 4476 iiteraiem
826 4429 953 4476 sensum
978 4415 1045 4494 sere
1069 4415 1177 4476 omnia
1199 4411 1338 4482 reducat,
1362 4416 1390 4470 et
1413 4391 1600 4464 moralem:

443 4537 549 4591 tamen
573 4529 608 4591 in
630 4529 686 4594 hac
711 4529 788 4593 h'hro
809 4531 942 4610 fatetur,
964 4529 1095 4611 Moysen
1115 4530 1148 4590 in
1166 4531 1287 4593 cunctis
1305 4527 1368 4608 sere
1384 4514 1494 4583 verbis
1516 4505 1602 4570 rudi

439 4649 554 4728 populo
576 4664 750 4712 sermonem
772 4656 1011 4731 attemperasse‚·
1034 4656 1062 4710 et
1083 4649 1273 4728 praecipue,
1300 4638 1433 4726 quando
1459 4627 1604 4707 M⁰ii⁸⁰

443 4765 499 4840 ait,
521 4765 625 4832 Deum
645 4767 750 4846 secisse
773 4767 835 4832 dua
859 4767 1171 4847 tantumtempora,
1187 4783 1285 4848 quum
1305 4760 1391 4826 enirn
1410 4754 1501 4816 iuna
1522 4738 1606 4806 Μ·
