4109 5934
825 516 833 551 Ι
899 569 900 572 ,

806 741 957 788 stotottts
982 743 1040 788 etto
1065 746 1209 792 GALstAEO

913 934 1051 999 CAPUT
1076 937 1112 999 tt.

788 1154 974 1201 ARGUMENTA
1000 1156 1059 1202 PRO
1083 1158 1236 1205 ttttttntb.

537 1345 563 1407 1.
589 1340 651 1407 Sed
664 1353 774 1407 contro
791 1345 969 1423 opponitur,
991 1361 1049 1424 pro
1074 1341 1223 1418 Gutitoem
1241 1351 1404 1432 uutort'tus¹
1416 1351 1575 1432 tbcotooo-

447 1481 532 1539 runt,
543 1464 599 1545 qui
610 1462 701 1526 tibros
714 1459 834 1525 Nicoioi
850 1460 1012 1542 Coperniei
1029 1461 1065 1525 de
1081 1465 1325 1528 revolutionibus
1339 1466 1462 1528 orbium
1479 1467 1574 1531 iusto

445 1582 671 1646 obsernntiones
693 1579 772 1658 eius,
794 1577 834 1642 ob
856 1595 943 1641 onno
969 1578 1065 1654 1525,
1086 1579 1203 1661 (octus,
1225 1582 1420 1662 impressioni
1443 1585 1575 1647 troden-

445 1688 512 1765 ἀοῖ
521 1700 732 1773 decreverunt,
749 1716 784 1760 eo
807 1697 889 1778 quod
907 1697 985 1760 nibil
1002 1700 1199 1762 contrarium
1215 1701 1383 1765 cutbobicns
1407 1702 1477 1783 fidei
1497 1720 1575 1767 con-

448 1818 592 1880 tinerent.
628 1811 750 1890 Ossibus
772 1816 807 1876 in
830 1814 915 1878 tibris
939 1814 975 1876 de
997 1822 1085 1877 motu
1109 1823 1228 1887 terroe,
1254 1827 1283 1880 et
1313 1817 1429 1899 ficiem
1464 1821 1574 1900 firmo·

446 1935 557 2010 mensis
577 1934 610 1997 iti
630 1944 697 2007 est,
720 1933 795 1998 coeii
815 1933 950 2014 cerberei,
974 1932 1171 2013 disputator,
1200 1944 1228 1996 et
1251 1933 1287 1996 be
1310 1935 1381 1998 sotis
1405 1937 1438 1998 in
1462 1944 1572 2000 centro

445 2051 547 2115 nmtri
560 2049 670 2112 mundi
683 2049 851 2112 mansione.
880 2045 943 2111 Nec
968 2044 1125 2112 Gotitoesss
1148 2049 1270 2130 otiquid
1289 2052 1362 2114 noui
1374 2061 1500 2132 praeter
1517 2071 1573 2135 sp-

443 2177 575 2233 stennone
594 2168 658 2232 obite
678 2167 801 2249 pandit,
826 2167 965 2230 nonduin
988 2169 1125 2248 eopnitu.
1148 2166 1235 2248 Erpo
1258 2171 1285 2232 si
1314 2169 1384 2233 bsn'
1409 2169 1570 2253 Copernici

446 2301 510 2348 non
532 2282 765 2349 snmrnmotcnr
786 2283 854 2364 fidei
869 2285 1046 2356 cutboticne,
1062 2302 1118 2348 nec
1136 2283 1294 2349 Guiitoeus
1318 2287 1567 2352 incommodabit.

532 2404 563 2467 2.
588 2402 782 2486 1tsmPopu
804 2402 925 2468 Pontus
950 2401 1007 2466 ttt
1031 2403 1214 2477 Furnesius,
1239 2407 1292 2469 cui
1307 2406 1400 2470 ttbros
1416 2405 1567 2470 bennoni

443 2523 508 2587 ibes
532 2519 733 2602 tapsensem,
751 2531 783 2613 pt
806 2520 986 2587 cardinales
1005 2523 1134 2604 quidum
1154 2522 1231 2608 (qui,
1252 2532 1423 2606 antequam
1439 2523 1569 2588 ederen-

445 2649 507 2711 tur‚
531 2640 700 2705 transcribi
720 2656 778 2706 suo
799 2649 926 2723 sumptu
948 2656 997 2705 eos
1020 2649 1219 2722 sumperunt,
1242 2652 1277 2705 ut
1300 2626 1429 2724 opporet
1446 2646 1481 2705 tn
1504 2643 1570 2723 epi-

445 2757 531 2823 stoiis
551 2754 785 2840 pronominibus
793 2759 809 2842 )
834 2758 953 2822 eosdem
976 2755 1069 2823 libros
1091 2759 1317 2840 approbarunt.
1346 2757 1493 2841 Tempore
1510 2775 1573 2823 ou·

446 2886 508 2941 tem
530 2875 623 2941 Petris·
643 2875 705 2940 ΙΙΙ
727 2877 855 2957 inuenio
872 2877 1124 2958 praeclarissimo
1158 2880 1192 2940 in
1221 2878 1347 2941 ecclesio
1380 2874 1572 2958 cipuerunic

445 2994 570 3076 monto
590 2994 732 3077 undique
753 2999 919 3061 occessitos
936 2996 1079 3076 pontifex
1103 2996 1150 3059 itte
1173 2998 1292 3071 unimo,
1307 2996 1425 3060 cirtute
1446 3003 1476 3058 et
1493 3009 1574 3058 son·

446 3115 539 3194 quine
561 3112 787 3189 nobitissimum
809 3115 1015 3196 ttipnttotibus
1049 3116 1205 3180 decorooit
1226 3115 1376 3198 [obitque.
1404 3113 1490 3178 Unde
1516 3115 1577 3176 mi·

445 3248 518 3295 rum
539 3232 566 3294 si
586 3231 631 3296 us
654 3232 754 3315 tntpue
775 3233 895 3314 possint
923 3241 1034 3297 contro
1065 3230 1292 3314 Cepernieum,
1323 3234 1578 3314 contemporanei

445 3367 518 3415 nero
540 3352 648 3425 nostri,
672 3369 735 3416 non
758 3359 823 3415 tons
845 3351 953 3432 mopni
975 3351 1133 3424 nominis,
1157 3349 1245 3432 Arpo
1267 3351 1356 3431 tonpe
1379 3352 1441 3413 sint
1465 3349 1575 3414 oculo·

447 3471 539 3534 tiores
562 3470 597 3532 in
621 3463 815 3545 Gotitoeum'
831 3470 1016 3535 certioribus
1042 3469 1126 3533 nixis
1154 3468 1436 3534 observationibus.

537 3587 568 3655 b.
590 3580 671 3653 Item
688 3597 759 3671 post
783 3588 990 3670 coperntcum
1012 3588 1162 3668 scripsere
1188 3584 1345 3650 Erasmus
1381 3582 1584 3658 Roinoidus,

446 3704 495 3771 Io.
518 3703 667 3781 Sinnius,
693 3706 827 3773 nuent
850 3705 1058 3780 Mestbtinus,
1083 3705 1302 3787 Cristopborus
1332 3701 1576 3775 bethmannus,

445 3832 476 3888 et
497 3822 553 3888 ciii
570 3825 722 3906 plurimi,
744 3825 874 3889 eundem
903 3825 1091 3890 sententium
1120 3830 1251 3888 tuentes.
1283 3821 1353 3885 Imo
1383 3823 1573 3884 recentiores

444 3943 656 4008 motbemots'oi
677 3942 821 4025 diffidunt
842 3960 874 4008 se
895 3961 982 4024 posse
1005 3938 1215 4026 spernendos
1239 3949 1339 4006 rectos
1368 3937 1499 4003 contere
1522 3939 1582 4001 nb·

444 4077 523 4144 sque
540 4058 659 4126 cnbeuio
681 4059 899 4144 Cepernicneo,
923 4072 954 4127 st
976 4062 1012 4126 be
1035 4061 1212 4126 coelestium
1236 4058 1371 4125 motibus
1395 4056 1476 4121 recte
1497 4054 1585 4138 loqui

443 4180 560 4262 nbsque
590 4181 823 4262 principiorum
845 4183 1155 4254 motteemutieocum,
1191 4177 1437 4243 certissimorum
1459 4175 1586 4247 suino,

443 4315 597 4363 sensuum
618 4306 648 4361 et
670 4299 837 4364 botionum
871 4300 1011 4363 omnium
1048 4299 1243 4374 testimonio,
1273 4296 1336 4358 nisi
1370 4311 1410 4358 eu
1446 4290 1585 4356 tnesibns

446 4413 627 4497 Copernics':
651 4432 732 4500 quos
756 4433 809 4480 nec
826 4424 963 4480 recentes
981 4423 1075 4488 sunts
1092 4416 1147 4479 sed
1160 4413 1354 4478 Franciscus
1373 4411 1482 4477 Morio
1498 4409 1584 4473 Fer·

443 4534 597 4599 soriensis
621 4545 695 4599 onte
719 4536 822 4616 ipsum
845 4552 885 4598 ee
907 4550 1064 4599 nouorum
1086 4532 1351 4615 opponentiorum
1369 4531 1584 4595 observatione

448 4671 564 4718 norom
585 4655 758 4720 cudendum
781 4670 843 4719 esse
868 4653 1094 4719 ostronomiom
1129 4651 1250 4724 torum
1284 4668 1381 4732 quom
1416 4650 1586 4733 disciputus

446 4772 514 4851 eius
540 4772 727 4856 Copernicus
750 4776 834 4857 fecit.
