4109 5934
702 740 896 787 settltttuttttt
919 741 962 787 EX
985 741 1198 791 tabttltttoats
1217 743 1348 790 flectenti
1527 727 1590 792 627

458 883 553 940 totam
572 872 619 936 vei
636 869 769 952 Ziepisri
785 873 999 953 conceptiones
1019 873 1053 934 in
1071 868 1218 934 Genesin.
1247 871 1338 936 Video
1356 889 1494 936 errorem
1511 894 1591 939 eun·

457 994 538 1068 mm,
561 1010 654 1075 quem
677 989 837 1072 Ceuperus
860 993 1004 1071 sonitum
1029 990 1157 1066 abiecit:
1178 992 1271 1073 quasi
1295 989 1461 1055 Pantanus
1485 991 1520 1055 bs
1542 993 1590 1055 di-

456 1130 544 1178 verso
565 1113 721 1193 scripserit
745 1109 883 1185 Cometa,
906 1127 1003 1191 quam
1027 1108 1302 1189 Repivmontanus.
1325 1107 1515 1175 Auctarium
1538 1111 1590 1172 in·

455 1247 548 1311 super
571 1229 626 1293 boc
647 1228 757 1299 abiecit
779 1224 934 1302 Samius,
955 1227 1040 1309 quod
1063 1227 1097 1288 in
1119 1229 1180 1309 fine
1203 1227 1293 1291 cstcc
1318 1227 1417 1308 {necti
1442 1225 1588 1298 Cometa:

455 1347 539 1429 quoti
560 1346 712 1426 reciarpus'
731 1344 856 1427 quictem
880 1362 921 1409 sn
944 1345 1046 1411 verbis
1066 1345 1231 1426 poematis,
1248 1354 1284 1409 ut
1303 1345 1447 1424 ombtpus
1468 1360 1587 1407 sonan·

455 1467 536 1534 tibus
559 1484 622 1532 non
641 1474 754 1545 posset.
780 1465 842 1535 nisi
863 1481 957 1544 prosa
983 1462 1123 1537 Paestani
1146 1462 1351 1543 conferretur.
1373 1459 1438 1527 Sea
1461 1480 1501 1526 sa
1516 1480 1585 1525 om·

457 1584 555 1664 otonis
574 1601 639 1649 non
660 1592 741 1649 recte
755 1592 1002 1663 arpumentotus·
1019 1580 1162 1649 Sarsius.
1241 1640 1245 1647 .

547 1702 599 1767 18.
636 1698 728 1778 occa
749 1719 847 1782 supra
875 1699 1013 1783 Tpcttoni
1036 1699 1183 1771 accidisse
1208 1701 1338 1773 notavi,
1361 1709 1395 1762 ut
1419 1696 1529 1763 Sarsio
1556 1709 1584 1761 et

455 1817 593 1885 Gotitaeo
614 1821 698 1886 inter
719 1837 751 1883 ss
773 1819 1000 1901 emanantibus,
1024 1820 1086 1898 ipse
1103 1817 1256 1898 exciperet
1276 1820 1356 1881 istus
1379 1818 1420 1885 ab
1436 1826 1585 1898 utroque:

455 1938 536 2003 mesu
557 1938 610 2019 [oi.
634 1937 699 2004 282
724 1933 857 2002 Gatiiust'
879 1938 956 2004 mibi
980 1954 1072 2002 issum
1095 1937 1195 2008 venit,·
1212 1937 1381 2017 psrtrabor
1414 1936 1447 1997 in
1478 1943 1583 2015 partes

453 2055 696 2121 obtrectantium
718 2055 849 2119 invicem
873 2062 902 2116 et
922 2054 1176 2125 vindicantium:
1193 2055 1271 2136 quin
1289 2055 1351 2118 imo
1368 2052 1450 2117 vetut
1465 2053 1585 2116 arbiter

451 2174 657 2246 conicientur,
678 2172 870 2240 sententium
886 2168 1103 2250 pronunciare
1120 2168 1251 2249 jubeor.
1274 2168 1328 2233 sea
1349 2169 1506 2233 communi
1526 2185 1584 2230 ar-

454 2291 606 2354 bitrorum
627 2289 773 2370 fortuna,
796 2299 831 2352 ut
856 2288 961 2351 neutri
979 2288 1067 2368 parti
1089 2286 1298 2367 satisfaciant.
1329 2285 1439 2350 Verum
1459 2286 1583 2364 scripsit

450 2403 580 2473 Sassiae
603 2407 638 2471 ia
661 2423 773 2486 venem
796 2407 863 2480 boc,
885 2405 970 2489 quoti
991 2423 1064 2477 cum
1084 2403 1189 2487 Tecto
1203 2406 1429 2469 existimaverit
1448 2403 1581 2466 caudam

452 2525 595 2593 Cametas
627 2526 707 2589 anni
731 2525 816 2590 1577
839 2527 942 2607 optica
963 2524 1073 2606 aboua
1095 2525 1216 2595 ratione
1250 2525 1451 2589 incurvatam
1484 2539 1582 2603 appa·

449 2644 561 2714 ruisse,
583 2643 704 2725 primus
725 2661 792 2725 spo,
810 2643 894 2725 auat
908 2644 1016 2715 samm,
1034 2642 1070 2711 ae
1086 2642 1275 2724 retractione
1293 2642 1480 2707 mentionem
1501 2639 1583 2703 inis·

448 2761 559 2832 enims
575 2760 701 2842 quippe,
716 2761 771 2842 qui
792 2759 826 2823 ta
846 2760 1025 2842 necaverim
1048 2761 1116 2843 teri
1136 2777 1225 2848 posse
1243 2776 1303 2840 per
1318 2755 1582 2839 paratiacitssssa

449 2896 547 2960 ussus
566 2894 627 2959 per
649 2878 767 2945 nudam
790 2889 818 2943 et
841 2878 1012 2960 simplicem
1033 2878 1255 2959 retractionem
1268 2877 1432 2944 radiorum
1449 2872 1532 2942 Solis
1547 2874 1583 2939 in

446 3012 573 3078 corpore
594 2970 749 3070 cometae,
773 3013 838 3077 qua
859 2995 1049 3076 refractione
1068 2993 1171 3060 scau
1193 2995 1262 3075 ipsa
1276 2994 1410 3076 {onnari
1425 2992 1582 3072 concipiu-

447 3123 520 3187 tur,
543 3115 774 3196 repraesentare·
804 3132 894 3194 posse
927 3113 1078 3194 retractos
1101 3114 1211 3194 specis¹
1234 3129 1349 3185 curva;
1374 3111 1439 3177 nisi
1460 3110 1489 3174 si
1510 3111 1580 3191 quis

444 3239 511 3313 post
528 3233 667 3314 primam
689 3233 908 3314 refractionem
929 3231 1106 3307 roborum,
1128 3232 1249 3313 [astam
1270 3233 1306 3294 in
1328 3229 1451 3312 capite,
1470 3229 1578 3309 piures

445 3347 525 3418 aliar
543 3358 614 3432 post
637 3357 732 3432 caput
754 3350 789 3412 in
811 3349 991 3414 substantia
1013 3349 1151 3414 astiteris
1168 3350 1239 3431 fieri
1254 3357 1385 3422 statuat,
1401 3351 1437 3413 in
1452 3347 1580 3417 senten

446 3469 610 3534 curvitatis
633 3469 784 3550 piapame
806 3469 869 3533 imo
898 3469 1004 3549 potius
1039 3467 1259 3550 retractionem
1292 3468 1442 3534 continuo
1477 3475 1591 3542 tractu

443 3584 540 3666 spacii
561 3594 789 3665 auosscsntsm,
811 3593 916 3665 utpote
938 3585 971 3649 in
995 3584 1174 3649 substantia
1188 3585 1333 3656 cettsrts,
1352 3584 1509 3647 continuis
1527 3586 1579 3647 in·

444 3702 610 3767 crementis
627 3710 699 3784 past
721 3710 814 3785 caput
837 3702 980 3767 Cametas
1001 3720 1121 3785 semper
1142 3703 1245 3782 mauis
1260 3702 1421 3784 manisque
1442 3702 1579 3765 condem

444 3830 530 3894 sata:
546 3838 629 3901 quas
651 3820 839 3901 buccinatio
860 3799 936 3885 cum
955 3828 1090 3904 nequeat
1112 3820 1216 3902 aptari
1238 3819 1353 3901 iepibus
1375 3818 1498 3901 optisis,
1523 3835 1577 3882 nec

443 3936 535 4002 detur
558 3936 701 4018 immisi,
725 3938 802 4021 quia
822 3940 864 4002 sit
886 3937 1063 4021 superficies
1087 3954 1152 4005 non
1174 3937 1368 4019 superficies:
1399 3934 1577 4016 superficies

444 4056 590 4138 quibsm,
613 4059 690 4140 quia
713 4058 868 4124 instincto
889 4057 932 4122 ab
953 4058 1061 4122 raaios
1085 4075 1126 4123 ea
1149 4057 1248 4142 capite
1268 4054 1477 4138 moieuntss.
1502 4053 1578 4135 auia

443 4172 637 4255 rslrinpsntii
657 4186 809 4259 potestate
827 4175 964 4258 potiens:
986 4193 1051 4241 non
1073 4177 1265 4260 superficies,
1288 4173 1366 4256 auia
1392 4171 1578 4240 continuata

442 4289 526 4354 inter
546 4310 593 4365 ss,
617 4311 682 4372 nan
706 4294 840 4357 increta
862 4292 1053 4359 densationis
1077 4293 1285 4362 incrementat
1307 4292 1363 4356 bas
1386 4290 1517 4371 inquam
1538 4286 1576 4354 ab

442 4424 572 4485 causas,
594 4410 811 4493 refractionem
834 4408 942 4483 taism,
964 4408 1055 4490 cujus
1076 4407 1202 4491 effectus
1224 4407 1439 4493 requireretur
1460 4403 1503 4493 ab
1523 4403 1576 4467 in·

443 4527 640 4592 curvandam
663 4527 818 4602 caudam
839 4538 875 4590 nt
898 4537 1107 4592 monstrosam
1129 4535 1158 4593 et
1180 4527 1355 4593 chimarrus
1373 4531 1574 4606 portentum,

442 4644 571 4726 emtori.
606 4642 699 4710 Recte
723 4645 820 4725 icitur
842 4646 974 4727 fictionis
1001 4662 1087 4714 nesae
1112 4644 1207 4711 vsrba
1239 4641 1391 4708 intsitsait
1416 4637 1574 4705 Gabtasus

441 4760 706 4845 sejumnaamqus
728 4763 879 4845 otttrmotr
902 4770 982 4832 recte
1005 4763 1099 4829 etiam
1121 4757 1274 4838 Satrius,
1301 4760 1438 4828 eanum
1473 4772 1493 4824 a
1522 4775 1574 4825 ms
