<?xml version="1.0" encoding="UTF-8"?>
<!DOCTYPE html PUBLIC "-//W3C//DTD XHTML 1.0 Transitional//EN"
    "http://www.w3.org/TR/xhtml1/DTD/xhtml1-transitional.dtd">
<html xmlns="http://www.w3.org/1999/xhtml" xml:lang="en" lang="en">
 <head>
  <title>
</title>
<meta http-equiv="Content-Type" content="text/html;charset=utf-8" />
  <meta name='ocr-system' content='tesseract 3.04.00' />
  <meta name='ocr-capabilities' content='ocr_page ocr_carea ocr_par ocr_line ocrx_word'/>
</head>
<body>
  <div class='ocr_page' id='page_1' title='image "./leoperedigalile01vivigoog_0050.png"; bbox 0 0 4109 5934; ppageno 0'>
   <div class='ocr_carea' id='block_1_1' title="bbox 745 915 1160 981">
    <p class='ocr_par' dir='ltr' id='par_1_1' title="bbox 745 915 1160 981">
     <span class='ocr_line' id='line_1_1' title="bbox 745 915 1160 981; baseline -0.005 -1"><span class='ocrx_word' id='word_1_1' title='bbox 745 915 1160 981; x_wconf 69' lang='lat' dir='ltr'><strong>invenientia</strong></span> 
     </span>
    </p>
   </div>
   <div class='ocr_carea' id='block_1_2' title="bbox 365 2118 1537 4610">
    <p class='ocr_par' dir='ltr' id='par_1_2' title="bbox 366 2118 1533 2391">
     <span class='ocr_line' id='line_1_2' title="bbox 449 2118 1532 2201; baseline -0.007 -14"><span class='ocrx_word' id='word_1_2' title='bbox 449 2128 586 2189; x_wconf 79' lang='lat' dir='ltr'><strong>Tabulae</strong></span> <span class='ocrx_word' id='word_1_3' title='bbox 613 2126 788 2188; x_wconf 88' lang='lat' dir='ltr'><strong>mediorum</strong></span> <span class='ocrx_word' id='word_1_4' title='bbox 811 2129 973 2196; x_wconf 91' lang='lat' dir='ltr'><strong>motuum,</strong></span> <span class='ocrx_word' id='word_1_5' title='bbox 998 2139 1077 2201; x_wconf 84' lang='lat' dir='ltr'><strong>quas</strong></span> <span class='ocrx_word' id='word_1_6' title='bbox 1098 2121 1149 2182; x_wconf 90' lang='lat' dir='ltr'><strong>bic</strong></span> <span class='ocrx_word' id='word_1_7' title='bbox 1170 2118 1352 2200; x_wconf 79' lang='lat' dir='ltr'><strong>prodimus,</strong></span> <span class='ocrx_word' id='word_1_8' title='bbox 1372 2118 1532 2198; x_wconf 86' lang='lat' dir='ltr'><strong>ponendae</strong></span> 
     </span>
     <span class='ocr_line' id='line_1_3' title="bbox 366 2218 1533 2302; baseline -0.01 -10"><span class='ocrx_word' id='word_1_9' title='bbox 366 2249 440 2293; x_wconf 89' lang='lat' dir='ltr'><strong>sane</strong></span> <span class='ocrx_word' id='word_1_10' title='bbox 477 2233 579 2291; x_wconf 91' lang='lat' dir='ltr'><strong>essent</strong></span> <span class='ocrx_word' id='word_1_11' title='bbox 607 2227 687 2289; x_wconf 91' lang='lat' dir='ltr'><strong>inter</strong></span> <span class='ocrx_word' id='word_1_12' title='bbox 711 2224 856 2286; x_wconf 88' lang='lat' dir='ltr'><strong>Calculus</strong></span> <span class='ocrx_word' id='word_1_13' title='bbox 881 2223 969 2302; x_wconf 83' lang='lat' dir='ltr'><strong>juxta</strong></span> <span class='ocrx_word' id='word_1_14' title='bbox 1004 2222 1107 2282; x_wconf 85' lang='lat' dir='ltr'><strong>varias</strong></span> <span class='ocrx_word' id='word_1_15' title='bbox 1131 2237 1239 2281; x_wconf 88' lang='lat' dir='ltr'><strong>earnm</strong></span> <span class='ocrx_word' id='word_1_16' title='bbox 1262 2218 1489 2290; x_wconf 73' lang='lat' dir='ltr'><strong>correctiones,</strong></span> <span class='ocrx_word' id='word_1_17' title='bbox 1515 2237 1533 2280; x_wconf 86' lang='lat' dir='ltr'><strong>u</strong></span> 
     </span>
     <span class='ocr_line' id='line_1_4' title="bbox 368 2325 1038 2391; baseline -0.007 -3"><span class='ocrx_word' id='word_1_18' title='bbox 368 2329 507 2391; x_wconf 83' lang='lat' dir='ltr'><strong>Galilaea</strong></span> <span class='ocrx_word' id='word_1_19' title='bbox 528 2327 701 2388; x_wconf 84' lang='lat' dir='ltr'><strong>successivo</strong></span> <span class='ocrx_word' id='word_1_20' title='bbox 722 2325 827 2387; x_wconf 87' lang='lat' dir='ltr'><strong>labore</strong></span> <span class='ocrx_word' id='word_1_21' title='bbox 846 2327 1038 2384; x_wconf 87' lang='lat' dir='ltr'><strong>consecutas.</strong></span> 
     </span>
    </p>

    <p class='ocr_par' dir='ltr' id='par_1_3' title="bbox 368 2422 1535 2801">
     <span class='ocr_line' id='line_1_5' title="bbox 450 2422 1534 2503; baseline -0.005 -16"><span class='ocrx_word' id='word_1_22' title='bbox 450 2430 505 2490; x_wconf 77' lang='lat' dir='ltr'><strong>Ast</strong></span> <span class='ocrx_word' id='word_1_23' title='bbox 523 2446 595 2488; x_wconf 92' lang='lat' dir='ltr'><strong>cum</strong></span> <span class='ocrx_word' id='word_1_24' title='bbox 616 2444 725 2488; x_wconf 88' lang='lat' dir='ltr'><strong>earum</strong></span> <span class='ocrx_word' id='word_1_25' title='bbox 746 2425 906 2488; x_wconf 69' lang='lat' dir='ltr'><strong>existentia</strong></span> <span class='ocrx_word' id='word_1_26' title='bbox 927 2426 1100 2487; x_wconf 84' lang='lat' dir='ltr'><strong>maximnm</strong></span> <span class='ocrx_word' id='word_1_27' title='bbox 1121 2424 1153 2485; x_wconf 91' lang='lat' dir='ltr'><strong>in</strong></span> <span class='ocrx_word' id='word_1_28' title='bbox 1167 2423 1347 2503; x_wconf 73' lang='lat' dir='ltr'><strong>quaestione</strong></span> <span class='ocrx_word' id='word_1_29' title='bbox 1360 2422 1399 2483; x_wconf 93' lang='lat' dir='ltr'><strong>de</strong></span> <span class='ocrx_word' id='word_1_30' title='bbox 1419 2423 1478 2483; x_wconf 87' lang='lat' dir='ltr'><strong>bac</strong></span> <span class='ocrx_word' id='word_1_31' title='bbox 1500 2441 1534 2483; x_wconf 91' lang='lat' dir='ltr'><strong>re</strong></span> 
     </span>
     <span class='ocr_line' id='line_1_6' title="bbox 369 2524 1532 2607; baseline -0.002 -19"><span class='ocrx_word' id='word_1_32' title='bbox 369 2545 427 2607; x_wconf 91' lang='lat' dir='ltr'><strong>pro</strong></span> <span class='ocrx_word' id='word_1_33' title='bbox 447 2526 535 2588; x_wconf 87' lang='lat' dir='ltr'><strong>nobis</strong></span> <span class='ocrx_word' id='word_1_34' title='bbox 555 2531 771 2606; x_wconf 79' lang='lat' dir='ltr'><strong>argumentum</strong></span> <span class='ocrx_word' id='word_1_35' title='bbox 792 2526 849 2596; x_wconf 81' lang='lat' dir='ltr'><strong>sit,</strong></span> <span class='ocrx_word' id='word_1_36' title='bbox 883 2526 1036 2587; x_wconf 84' lang='lat' dir='ltr'><strong>abstinere</strong></span> <span class='ocrx_word' id='word_1_37' title='bbox 1057 2541 1119 2587; x_wconf 95' lang='lat' dir='ltr'><strong>non</strong></span> <span class='ocrx_word' id='word_1_38' title='bbox 1140 2525 1298 2603; x_wconf 84' lang='lat' dir='ltr'><strong>potuimus</strong></span> <span class='ocrx_word' id='word_1_39' title='bbox 1317 2524 1394 2602; x_wconf 90' lang='lat' dir='ltr'><strong>quin</strong></span> <span class='ocrx_word' id='word_1_40' title='bbox 1423 2541 1532 2586; x_wconf 84' lang='lat' dir='ltr'><strong>omnes</strong></span> 
     </span>
     <span class='ocr_line' id='line_1_7' title="bbox 368 2623 1535 2710; baseline -0.003 -20"><span class='ocrx_word' id='word_1_41' title='bbox 368 2631 402 2690; x_wconf 91' lang='lat' dir='ltr'><strong>in</strong></span> <span class='ocrx_word' id='word_1_42' title='bbox 422 2631 490 2710; x_wconf 89' lang='lat' dir='ltr'><strong>ipso</strong></span> <span class='ocrx_word' id='word_1_43' title='bbox 509 2628 610 2707; x_wconf 90' lang='lat' dir='ltr'><strong>operis</strong></span> <span class='ocrx_word' id='word_1_44' title='bbox 631 2627 719 2689; x_wconf 88' lang='lat' dir='ltr'><strong>initio</strong></span> <span class='ocrx_word' id='word_1_45' title='bbox 739 2642 943 2707; x_wconf 82' lang='lat' dir='ltr'><strong>poneremus:</strong></span> <span class='ocrx_word' id='word_1_46' title='bbox 965 2627 1003 2688; x_wconf 91' lang='lat' dir='ltr'><strong>ad</strong></span> <span class='ocrx_word' id='word_1_47' title='bbox 1024 2643 1078 2689; x_wconf 89' lang='lat' dir='ltr'><strong>eas</strong></span> <span class='ocrx_word' id='word_1_48' title='bbox 1099 2632 1223 2698; x_wconf 88' lang='lat' dir='ltr'><strong>autem,</strong></span> <span class='ocrx_word' id='word_1_49' title='bbox 1244 2623 1321 2687; x_wconf 90' lang='lat' dir='ltr'><strong>tacis</strong></span> <span class='ocrx_word' id='word_1_50' title='bbox 1335 2626 1535 2705; x_wconf 90' lang='lat' dir='ltr'><strong>opportunio-</strong></span> 
     </span>
     <span class='ocr_line' id='line_1_8' title="bbox 368 2727 668 2801; baseline 0 -11"><span class='ocrx_word' id='word_1_51' title='bbox 368 2730 466 2801; x_wconf 87' lang='lat' dir='ltr'><strong>ribus,</strong></span> <span class='ocrx_word' id='word_1_52' title='bbox 486 2727 668 2790; x_wconf 84' lang='lat' dir='ltr'><strong>redibimus.</strong></span> 
     </span>
    </p>

    <p class='ocr_par' dir='ltr' id='par_1_4' title="bbox 366 2825 1535 3393">
     <span class='ocr_line' id='line_1_9' title="bbox 446 2825 1531 2908; baseline 0 -20"><span class='ocrx_word' id='word_1_53' title='bbox 446 2827 562 2890; x_wconf 85' lang='lat' dir='ltr'><strong>Omnes</strong></span> <span class='ocrx_word' id='word_1_54' title='bbox 582 2827 730 2902; x_wconf 85' lang='lat' dir='ltr'><strong>Tabulae,</strong></span> <span class='ocrx_word' id='word_1_55' title='bbox 747 2828 785 2890; x_wconf 88' lang='lat' dir='ltr'><strong>de</strong></span> <span class='ocrx_word' id='word_1_56' title='bbox 805 2829 918 2908; x_wconf 84' lang='lat' dir='ltr'><strong>quibus</strong></span> <span class='ocrx_word' id='word_1_57' title='bbox 947 2828 1063 2908; x_wconf 79' lang='lat' dir='ltr'><strong>agitm,</strong></span> <span class='ocrx_word' id='word_1_58' title='bbox 1087 2833 1212 2906; x_wconf 84' lang='lat' dir='ltr'><strong>excepta</strong></span> <span class='ocrx_word' id='word_1_59' title='bbox 1241 2827 1360 2888; x_wconf 88' lang='lat' dir='ltr'><strong>Tabula</strong></span> <span class='ocrx_word' id='word_1_60' title='bbox 1381 2825 1423 2899; x_wconf 85' lang='lat' dir='ltr'><strong>ll,</strong></span> <span class='ocrx_word' id='word_1_61' title='bbox 1450 2844 1531 2906; x_wconf 86' lang='lat' dir='ltr'><strong>qnae</strong></span> 
     </span>
     <span class='ocr_line' id='line_1_10' title="bbox 367 2927 1533 3009; baseline -0.002 -18"><span class='ocrx_word' id='word_1_62' title='bbox 367 2929 522 3009; x_wconf 90' lang='lat' dir='ltr'><strong>reperitur</strong></span> <span class='ocrx_word' id='word_1_63' title='bbox 542 2930 575 2990; x_wconf 92' lang='lat' dir='ltr'><strong>in</strong></span> <span class='ocrx_word' id='word_1_64' title='bbox 598 2927 704 2990; x_wconf 81' lang='lat' dir='ltr'><strong>Codice</strong></span> <span class='ocrx_word' id='word_1_65' title='bbox 732 2927 984 2991; x_wconf 72' lang='lat' dir='ltr'><strong>Observationum</strong></span> <span class='ocrx_word' id='word_1_66' title='bbox 1003 2937 1032 2990; x_wconf 84' lang='lat' dir='ltr'><strong>et</strong></span> <span class='ocrx_word' id='word_1_67' title='bbox 1055 2927 1263 3003; x_wconf 81' lang='lat' dir='ltr'><strong>Calcularurrr,</strong></span> <span class='ocrx_word' id='word_1_68' title='bbox 1283 2929 1481 2989; x_wconf 83' lang='lat' dir='ltr'><strong>inveniuntur</strong></span> <span class='ocrx_word' id='word_1_69' title='bbox 1502 2928 1533 2989; x_wconf 93' lang='lat' dir='ltr'><strong>in</strong></span> 
     </span>
     <span class='ocr_line' id='line_1_11' title="bbox 369 3026 1534 3107; baseline 0 -19"><span class='ocrx_word' id='word_1_70' title='bbox 369 3029 440 3090; x_wconf 78' lang='lat' dir='ltr'><strong>Vol.</strong></span> <span class='ocrx_word' id='word_1_71' title='bbox 463 3028 516 3102; x_wconf 92' lang='lat' dir='ltr'><strong>Vl,</strong></span> <span class='ocrx_word' id='word_1_72' title='bbox 538 3028 620 3090; x_wconf 85' lang='lat' dir='ltr'><strong>Part.</strong></span> <span class='ocrx_word' id='word_1_73' title='bbox 640 3027 685 3088; x_wconf 86' lang='lat' dir='ltr'><strong>lv</strong></span> <span class='ocrx_word' id='word_1_74' title='bbox 714 3026 862 3089; x_wconf 87' lang='lat' dir='ltr'><strong>Codicum</strong></span> <span class='ocrx_word' id='word_1_75' title='bbox 884 3027 1145 3100; x_wconf 85' lang='lat' dir='ltr'><strong>Galileianarnm,</strong></span> <span class='ocrx_word' id='word_1_76' title='bbox 1166 3045 1276 3107; x_wconf 84' lang='lat' dir='ltr'><strong>nempe</strong></span> <span class='ocrx_word' id='word_1_77' title='bbox 1307 3027 1338 3086; x_wconf 93' lang='lat' dir='ltr'><strong>in</strong></span> <span class='ocrx_word' id='word_1_78' title='bbox 1359 3027 1483 3099; x_wconf 90' lang='lat' dir='ltr'><strong>eccui,</strong></span> <span class='ocrx_word' id='word_1_79' title='bbox 1503 3027 1534 3088; x_wconf 91' lang='lat' dir='ltr'><strong>in</strong></span> 
     </span>
     <span class='ocr_line' id='line_1_12' title="bbox 367 3125 1535 3209; baseline -0.003 -17"><span class='ocrx_word' id='word_1_80' title='bbox 367 3133 506 3209; x_wconf 90' lang='lat' dir='ltr'><strong>proemio</strong></span> <span class='ocrx_word' id='word_1_81' title='bbox 519 3136 636 3202; x_wconf 84' lang='lat' dir='ltr'><strong>nostro,</strong></span> <span class='ocrx_word' id='word_1_82' title='bbox 659 3128 849 3190; x_wconf 75' lang='lat' dir='ltr'><strong>Tabularum</strong></span> <span class='ocrx_word' id='word_1_83' title='bbox 867 3128 984 3190; x_wconf 77' lang='lat' dir='ltr'><strong>Codicis</strong></span> <span class='ocrx_word' id='word_1_84' title='bbox 1007 3147 1118 3190; x_wconf 82' lang='lat' dir='ltr'><strong>nornen</strong></span> <span class='ocrx_word' id='word_1_85' title='bbox 1140 3129 1358 3208; x_wconf 82' lang='lat' dir='ltr'><strong>imposuimus:</strong></span> <span class='ocrx_word' id='word_1_86' title='bbox 1379 3125 1490 3187; x_wconf 87' lang='lat' dir='ltr'><strong>Codice</strong></span> <span class='ocrx_word' id='word_1_87' title='bbox 1503 3128 1535 3188; x_wconf 93' lang='lat' dir='ltr'><strong>in</strong></span> 
     </span>
     <span class='ocr_line' id='line_1_13' title="bbox 366 3229 1533 3310; baseline -0.003 -19"><span class='ocrx_word' id='word_1_88' title='bbox 366 3232 445 3303; x_wconf 89' lang='lat' dir='ltr'><strong>illo,</strong></span> <span class='ocrx_word' id='word_1_89' title='bbox 471 3233 524 3310; x_wconf 90' lang='lat' dir='ltr'><strong>qui</strong></span> <span class='ocrx_word' id='word_1_90' title='bbox 556 3231 596 3291; x_wconf 93' lang='lat' dir='ltr'><strong>ab</strong></span> <span class='ocrx_word' id='word_1_91' title='bbox 630 3231 815 3293; x_wconf 81' lang='lat' dir='ltr'><strong>adversariis</strong></span> <span class='ocrx_word' id='word_1_92' title='bbox 847 3231 958 3293; x_wconf 88' lang='lat' dir='ltr'><strong>uostris</strong></span> <span class='ocrx_word' id='word_1_93' title='bbox 1000 3248 1161 3309; x_wconf 87' lang='lat' dir='ltr'><strong>nunqnam</strong></span> <span class='ocrx_word' id='word_1_94' title='bbox 1193 3234 1390 3309; x_wconf 87' lang='lat' dir='ltr'><strong>perspectus,</strong></span> <span class='ocrx_word' id='word_1_95' title='bbox 1419 3229 1533 3289; x_wconf 89' lang='lat' dir='ltr'><strong>nedum</strong></span> 
     </span>
     <span class='ocr_line' id='line_1_14' title="bbox 366 3314 1164 3393; baseline 0.004 -3"><span class='ocrx_word' id='word_1_96' title='bbox 366 3332 564 3393; x_wconf 86' lang='lat' dir='ltr'><strong>examinatus</strong></span> <span class='ocrx_word' id='word_1_97' title='bbox 585 3330 651 3392; x_wconf 87' lang='lat' dir='ltr'><strong>luit.</strong></span> <span class='ocrx_word' id='word_1_98' title='bbox 1162 3314 1164 3317; x_wconf 29' lang='lat'>⁵</span> 
     </span>
    </p>

    <p class='ocr_par' dir='ltr' id='par_1_5' title="bbox 365 3430 1537 4610">
     <span class='ocr_line' id='line_1_15' title="bbox 446 3430 1537 3510; baseline 0.002 -20"><span class='ocrx_word' id='word_1_99' title='bbox 446 3431 473 3490; x_wconf 83' lang='grc' dir='ltr'><strong>Α</strong></span> <span class='ocrx_word' id='word_1_100' title='bbox 494 3431 596 3510; x_wconf 91' lang='lat' dir='ltr'><strong>primo</strong></span> <span class='ocrx_word' id='word_1_101' title='bbox 615 3435 753 3509; x_wconf 88' lang='lat' dir='ltr'><strong>tempore</strong></span> <span class='ocrx_word' id='word_1_102' title='bbox 782 3448 910 3492; x_wconf 88' lang='lat' dir='ltr'><strong>suarum</strong></span> <span class='ocrx_word' id='word_1_103' title='bbox 932 3433 1202 3510; x_wconf 81' lang='lat' dir='ltr'><strong>investigationum</strong></span> <span class='ocrx_word' id='word_1_104' title='bbox 1231 3432 1315 3491; x_wconf 87' lang='lat' dir='ltr'><strong>cirea</strong></span> <span class='ocrx_word' id='word_1_105' title='bbox 1336 3430 1420 3492; x_wconf 83' lang='lat' dir='ltr'><strong>loris</strong></span> <span class='ocrx_word' id='word_1_106' title='bbox 1441 3431 1537 3492; x_wconf 88' lang='lat' dir='ltr'><strong>Satel-</strong></span> 
     </span>
     <span class='ocr_line' id='line_1_16' title="bbox 367 3529 1535 3603; baseline 0.003 -13"><span class='ocrx_word' id='word_1_107' title='bbox 367 3531 450 3603; x_wconf 87' lang='lat' dir='ltr'><strong>lites,</strong></span> <span class='ocrx_word' id='word_1_108' title='bbox 470 3536 599 3593; x_wconf 88' lang='lat' dir='ltr'><strong>conatus</strong></span> <span class='ocrx_word' id='word_1_109' title='bbox 620 3535 666 3593; x_wconf 87' lang='lat' dir='ltr'><strong>est</strong></span> <span class='ocrx_word' id='word_1_110' title='bbox 685 3529 843 3592; x_wconf 85' lang='lat' dir='ltr'><strong>Galilaeus</strong></span> <span class='ocrx_word' id='word_1_111' title='bbox 861 3530 995 3593; x_wconf 85' lang='lat' dir='ltr'><strong>Tabulas</strong></span> <span class='ocrx_word' id='word_1_112' title='bbox 1017 3532 1184 3592; x_wconf 88' lang='lat' dir='ltr'><strong>earundem</strong></span> <span class='ocrx_word' id='word_1_113' title='bbox 1201 3532 1375 3593; x_wconf 91' lang='lat' dir='ltr'><strong>mediorum</strong></span> <span class='ocrx_word' id='word_1_114' title='bbox 1393 3537 1535 3593; x_wconf 86' lang='lat' dir='ltr'><strong>moinum</strong></span> 
     </span>
     <span class='ocr_line' id='line_1_17' title="bbox 365 3630 1536 3711; baseline 0.003 -21"><span class='ocrx_word' id='word_1_115' title='bbox 365 3630 534 3692; x_wconf 90' lang='lat' dir='ltr'><strong>conticere:</strong></span> <span class='ocrx_word' id='word_1_116' title='bbox 556 3649 634 3709; x_wconf 87' lang='lat' dir='ltr'><strong>quas</strong></span> <span class='ocrx_word' id='word_1_117' title='bbox 645 3632 843 3711; x_wconf 87' lang='lat' dir='ltr'><strong>quidemper</strong></span> <span class='ocrx_word' id='word_1_118' title='bbox 856 3633 991 3694; x_wconf 75' lang='lat' dir='ltr'><strong>diutinas</strong></span> <span class='ocrx_word' id='word_1_119' title='bbox 1006 3634 1234 3695; x_wconf 79' lang='lat' dir='ltr'><strong>observationes</strong></span> <span class='ocrx_word' id='word_1_120' title='bbox 1252 3634 1398 3695; x_wconf 90' lang='lat' dir='ltr'><strong>continue</strong></span> <span class='ocrx_word' id='word_1_121' title='bbox 1415 3633 1536 3695; x_wconf 89' lang='lat' dir='ltr'><strong>moditi-</strong></span> 
     </span>
     <span class='ocr_line' id='line_1_18' title="bbox 368 3732 1536 3812; baseline 0.003 -23"><span class='ocrx_word' id='word_1_122' title='bbox 368 3732 460 3802; x_wconf 84' lang='lat' dir='ltr'><strong>cavit,</strong></span> <span class='ocrx_word' id='word_1_123' title='bbox 485 3750 582 3811; x_wconf 85' lang='lat' dir='ltr'><strong>usque</strong></span> <span class='ocrx_word' id='word_1_124' title='bbox 607 3750 684 3812; x_wconf 87' lang='lat' dir='ltr'><strong>pene</strong></span> <span class='ocrx_word' id='word_1_125' title='bbox 704 3735 736 3794; x_wconf 93' lang='lat' dir='ltr'><strong>in</strong></span> <span class='ocrx_word' id='word_1_126' title='bbox 756 3733 848 3795; x_wconf 89' lang='lat' dir='ltr'><strong>tinem</strong></span> <span class='ocrx_word' id='word_1_127' title='bbox 871 3751 998 3794; x_wconf 91' lang='lat' dir='ltr'><strong>suarum</strong></span> <span class='ocrx_word' id='word_1_128' title='bbox 1018 3733 1268 3796; x_wconf 82' lang='lat' dir='ltr'><strong>lucubrationum</strong></span> <span class='ocrx_word' id='word_1_129' title='bbox 1284 3737 1316 3795; x_wconf 90' lang='lat' dir='ltr'><strong>in</strong></span> <span class='ocrx_word' id='word_1_130' title='bbox 1337 3735 1413 3795; x_wconf 88' lang='lat' dir='ltr'><strong>baec</strong></span> <span class='ocrx_word' id='word_1_131' title='bbox 1435 3734 1536 3794; x_wconf 89' lang='lat' dir='ltr'><strong>coele-</strong></span> 
     </span>
     <span class='ocr_line' id='line_1_19' title="bbox 367 3833 1535 3912; baseline 0 -20"><span class='ocrx_word' id='word_1_132' title='bbox 367 3833 427 3892; x_wconf 88' lang='lat' dir='ltr'><strong>stia</strong></span> <span class='ocrx_word' id='word_1_133' title='bbox 449 3833 675 3910; x_wconf 87' lang='lat' dir='ltr'><strong>phaenomena;</strong></span> <span class='ocrx_word' id='word_1_134' title='bbox 697 3853 794 3912; x_wconf 87' lang='lat' dir='ltr'><strong>quum</strong></span> <span class='ocrx_word' id='word_1_135' title='bbox 820 3834 877 3895; x_wconf 88' lang='lat' dir='ltr'><strong>sibi</strong></span> <span class='ocrx_word' id='word_1_136' title='bbox 906 3836 1033 3897; x_wconf 90' lang='lat' dir='ltr'><strong>minime</strong></span> <span class='ocrx_word' id='word_1_137' title='bbox 1048 3837 1197 3898; x_wconf 88' lang='lat' dir='ltr'><strong>rationem</strong></span> <span class='ocrx_word' id='word_1_138' title='bbox 1213 3837 1341 3897; x_wconf 86' lang='lat' dir='ltr'><strong>reddere</strong></span> <span class='ocrx_word' id='word_1_139' title='bbox 1362 3836 1477 3896; x_wconf 79' lang='lat' dir='ltr'><strong>valeret</strong></span> <span class='ocrx_word' id='word_1_140' title='bbox 1497 3834 1535 3893; x_wconf 92' lang='lat' dir='ltr'><strong>de</strong></span> 
     </span>
     <span class='ocr_line' id='line_1_20' title="bbox 369 3931 1535 4015; baseline 0.003 -25"><span class='ocrx_word' id='word_1_141' title='bbox 369 3931 543 3994; x_wconf 79' lang='lat' dir='ltr'><strong>satellitum</strong></span> <span class='ocrx_word' id='word_1_142' title='bbox 566 3936 859 4012; x_wconf 87' lang='lat' dir='ltr'><strong>perturbationibus,</strong></span> <span class='ocrx_word' id='word_1_143' title='bbox 881 3955 961 4015; x_wconf 87' lang='lat' dir='ltr'><strong>quae</strong></span> <span class='ocrx_word' id='word_1_144' title='bbox 982 3937 1083 3998; x_wconf 93' lang='lat' dir='ltr'><strong>salum</strong></span> <span class='ocrx_word' id='word_1_145' title='bbox 1106 3944 1208 4015; x_wconf 91' lang='lat' dir='ltr'><strong>postea</strong></span> <span class='ocrx_word' id='word_1_146' title='bbox 1230 3956 1268 3997; x_wconf 81' lang='lat' dir='ltr'><strong>ex</strong></span> <span class='ocrx_word' id='word_1_147' title='bbox 1290 3937 1406 3997; x_wconf 86' lang='lat' dir='ltr'><strong>theoria</strong></span> <span class='ocrx_word' id='word_1_148' title='bbox 1430 3940 1535 3996; x_wconf 88' lang='lat' dir='ltr'><strong>uento·</strong></span> 
     </span>
     <span class='ocr_line' id='line_1_21' title="bbox 368 4032 1534 4116; baseline 0.002 -26"><span class='ocrx_word' id='word_1_149' title='bbox 368 4032 462 4092; x_wconf 87' lang='lat' dir='ltr'><strong>niaua</strong></span> <span class='ocrx_word' id='word_1_150' title='bbox 483 4034 637 4110; x_wconf 84' lang='lat' dir='ltr'><strong>gravitatis</strong></span> <span class='ocrx_word' id='word_1_151' title='bbox 657 4036 838 4113; x_wconf 81' lang='lat' dir='ltr'><strong>explanatae</strong></span> <span class='ocrx_word' id='word_1_152' title='bbox 859 4043 939 4096; x_wconf 90' lang='lat' dir='ltr'><strong>sunt.</strong></span> <span class='ocrx_word' id='word_1_153' title='bbox 960 4036 1156 4116; x_wconf 86' lang='lat' dir='ltr'><strong>Quapropter</strong></span> <span class='ocrx_word' id='word_1_154' title='bbox 1172 4036 1312 4097; x_wconf 86' lang='lat' dir='ltr'><strong>Galilaea</strong></span> <span class='ocrx_word' id='word_1_155' title='bbox 1329 4053 1451 4096; x_wconf 89' lang='lat' dir='ltr'><strong>neccsse</strong></span> <span class='ocrx_word' id='word_1_156' title='bbox 1466 4032 1534 4106; x_wconf 83' lang='lat' dir='ltr'><strong>luit,</strong></span> 
     </span>
     <span class='ocr_line' id='line_1_22' title="bbox 367 4130 1533 4215; baseline 0.001 -24"><span class='ocrx_word' id='word_1_157' title='bbox 367 4130 542 4191; x_wconf 80' lang='lat' dir='ltr'><strong>annaliter</strong></span> <span class='ocrx_word' id='word_1_158' title='bbox 565 4148 659 4211; x_wconf 90' lang='lat' dir='ltr'><strong>quam</strong></span> <span class='ocrx_word' id='word_1_159' title='bbox 681 4135 910 4196; x_wconf 89' lang='lat' dir='ltr'><strong>successoribus</strong></span> <span class='ocrx_word' id='word_1_160' title='bbox 941 4137 1005 4197; x_wconf 91' lang='lat' dir='ltr'><strong>suis</strong></span> <span class='ocrx_word' id='word_1_161' title='bbox 1027 4138 1152 4215; x_wconf 89' lang='lat' dir='ltr'><strong>primis,</strong></span> <span class='ocrx_word' id='word_1_162' title='bbox 1173 4143 1201 4196; x_wconf 88' lang='lat' dir='ltr'><strong>et</strong></span> <span class='ocrx_word' id='word_1_163' title='bbox 1224 4135 1384 4196; x_wconf 86' lang='lat' dir='ltr'><strong>Domintca</strong></span> <span class='ocrx_word' id='word_1_164' title='bbox 1410 4148 1533 4210; x_wconf 87' lang='lat' dir='ltr'><strong>qnoque</strong></span> 
     </span>
     <span class='ocr_line' id='line_1_23' title="bbox 366 4229 1534 4315; baseline 0.003 -26"><span class='ocrx_word' id='word_1_165' title='bbox 366 4229 521 4303; x_wconf 80' lang='lat' dir='ltr'><strong>Cossinio,</strong></span> <span class='ocrx_word' id='word_1_166' title='bbox 543 4229 679 4293; x_wconf 82' lang='lat' dir='ltr'><strong>Tabulas</strong></span> <span class='ocrx_word' id='word_1_167' title='bbox 700 4249 753 4294; x_wconf 87' lang='lat' dir='ltr'><strong>eas</strong></span> <span class='ocrx_word' id='word_1_168' title='bbox 774 4234 922 4311; x_wconf 83' lang='lat' dir='ltr'><strong>empirice</strong></span> <span class='ocrx_word' id='word_1_169' title='bbox 942 4237 1109 4315; x_wconf 80' lang='lat' dir='ltr'><strong>corrigere,</strong></span> <span class='ocrx_word' id='word_1_170' title='bbox 1123 4236 1242 4314; x_wconf 85' lang='lat' dir='ltr'><strong>quoties</strong></span> <span class='ocrx_word' id='word_1_171' title='bbox 1265 4252 1360 4294; x_wconf 85' lang='lat' dir='ltr'><strong>novae</strong></span> <span class='ocrx_word' id='word_1_172' title='bbox 1382 4231 1534 4292; x_wconf 77' lang='lat' dir='ltr'><strong>Observa·</strong></span> 
     </span>
     <span class='ocr_line' id='line_1_24' title="bbox 367 4331 1534 4411; baseline 0.002 -21"><span class='ocrx_word' id='word_1_173' title='bbox 367 4332 465 4392; x_wconf 90' lang='lat' dir='ltr'><strong>tiones</strong></span> <span class='ocrx_word' id='word_1_174' title='bbox 486 4332 622 4409; x_wconf 88' lang='lat' dir='ltr'><strong>aliquam</strong></span> <span class='ocrx_word' id='word_1_175' title='bbox 646 4350 663 4392; x_wconf 89' lang='lat' dir='ltr'><strong>a</strong></span> <span class='ocrx_word' id='word_1_176' title='bbox 681 4333 835 4411; x_wconf 90' lang='lat' dir='ltr'><strong>prioribus</strong></span> <span class='ocrx_word' id='word_1_177' title='bbox 856 4333 1061 4395; x_wconf 80' lang='lat' dir='ltr'><strong>differentiam</strong></span> <span class='ocrx_word' id='word_1_178' title='bbox 1084 4333 1350 4396; x_wconf 87' lang='lat' dir='ltr'><strong>demonstrabant:</strong></span> <span class='ocrx_word' id='word_1_179' title='bbox 1368 4332 1456 4410; x_wconf 90' lang='lat' dir='ltr'><strong>cujus</strong></span> <span class='ocrx_word' id='word_1_180' title='bbox 1477 4331 1534 4392; x_wconf 89' lang='lat' dir='ltr'><strong>dil·</strong></span> 
     </span>
     <span class='ocr_line' id='line_1_25' title="bbox 368 4428 1531 4509; baseline 0.004 -20"><span class='ocrx_word' id='word_1_181' title='bbox 368 4430 513 4491; x_wconf 90' lang='lat' dir='ltr'><strong>terentiae</strong></span> <span class='ocrx_word' id='word_1_182' title='bbox 524 4428 696 4502; x_wconf 86' lang='lat' dir='ltr'><strong>Galilaeus,</strong></span> <span class='ocrx_word' id='word_1_183' title='bbox 708 4429 809 4490; x_wconf 93' lang='lat' dir='ltr'><strong>denuo</strong></span> <span class='ocrx_word' id='word_1_184' title='bbox 823 4433 1001 4509; x_wconf 89' lang='lat' dir='ltr'><strong>repetimus,</strong></span> <span class='ocrx_word' id='word_1_185' title='bbox 1012 4434 1210 4494; x_wconf 79' lang='lat' dir='ltr'><strong>existentiam</strong></span> <span class='ocrx_word' id='word_1_186' title='bbox 1222 4436 1369 4505; x_wconf 89' lang='lat' dir='ltr'><strong>statuere,</strong></span> <span class='ocrx_word' id='word_1_187' title='bbox 1381 4435 1531 4494; x_wconf 86' lang='lat' dir='ltr'><strong>rationem</strong></span> 
     </span>
     <span class='ocr_line' id='line_1_26' title="bbox 367 4531 853 4610; baseline 0 -18"><span class='ocrx_word' id='word_1_188' title='bbox 367 4537 469 4593; x_wconf 89' lang='lat' dir='ltr'><strong>autern</strong></span> <span class='ocrx_word' id='word_1_189' title='bbox 492 4531 620 4592; x_wconf 86' lang='lat' dir='ltr'><strong>reddere</strong></span> <span class='ocrx_word' id='word_1_190' title='bbox 641 4548 702 4592; x_wconf 92' lang='lat' dir='ltr'><strong>nan</strong></span> <span class='ocrx_word' id='word_1_191' title='bbox 726 4538 853 4610; x_wconf 90' lang='lat' dir='ltr'><strong>poterat.</strong></span> 
     </span>
    </p>
   </div>
   <div class='ocr_carea' id='block_1_3' title="bbox 366 4635 1534 4814">
    <p class='ocr_par' dir='ltr' id='par_1_6' title="bbox 366 4635 1534 4814">
     <span class='ocr_line' id='line_1_27' title="bbox 447 4635 1534 4717; baseline 0.005 -23"><span class='ocrx_word' id='word_1_192' title='bbox 447 4635 583 4696; x_wconf 85' lang='lat' dir='ltr'><strong>Tabulae</strong></span> <span class='ocrx_word' id='word_1_193' title='bbox 604 4637 720 4698; x_wconf 91' lang='lat' dir='ltr'><strong>interea</strong></span> <span class='ocrx_word' id='word_1_194' title='bbox 742 4655 822 4716; x_wconf 87' lang='lat' dir='ltr'><strong>qnae</strong></span> <span class='ocrx_word' id='word_1_195' title='bbox 843 4656 925 4699; x_wconf 92' lang='lat' dir='ltr'><strong>nunc</strong></span> <span class='ocrx_word' id='word_1_196' title='bbox 955 4639 986 4699; x_wconf 94' lang='lat' dir='ltr'><strong>in</strong></span> <span class='ocrx_word' id='word_1_197' title='bbox 1015 4638 1118 4699; x_wconf 89' lang='lat' dir='ltr'><strong>lucem</strong></span> <span class='ocrx_word' id='word_1_198' title='bbox 1151 4637 1353 4717; x_wconf 85' lang='lat' dir='ltr'><strong>proiecimus,</strong></span> <span class='ocrx_word' id='word_1_199' title='bbox 1385 4640 1438 4700; x_wconf 86' lang='lat' dir='ltr'><strong>elsi</strong></span> <span class='ocrx_word' id='word_1_200' title='bbox 1472 4640 1534 4699; x_wconf 86' lang='lat' dir='ltr'><strong>sint</strong></span> 
     </span>
     <span class='ocr_line' id='line_1_28' title="bbox 366 4736 1532 4814; baseline 0.004 -21"><span class='ocrx_word' id='word_1_201' title='bbox 366 4751 475 4795; x_wconf 89' lang='lat' dir='ltr'><strong>omnes</strong></span> <span class='ocrx_word' id='word_1_202' title='bbox 496 4752 566 4805; x_wconf 91' lang='lat' dir='ltr'><strong>eae,</strong></span> <span class='ocrx_word' id='word_1_203' title='bbox 588 4752 669 4813; x_wconf 88' lang='lat' dir='ltr'><strong>quae</strong></span> <span class='ocrx_word' id='word_1_204' title='bbox 690 4737 911 4814; x_wconf 85' lang='lat' dir='ltr'><strong>subsequenter</strong></span> <span class='ocrx_word' id='word_1_205' title='bbox 931 4739 1065 4799; x_wconf 87' lang='lat' dir='ltr'><strong>citantur</strong></span> <span class='ocrx_word' id='word_1_206' title='bbox 1086 4738 1118 4799; x_wconf 90' lang='lat' dir='ltr'><strong>in</strong></span> <span class='ocrx_word' id='word_1_207' title='bbox 1139 4736 1250 4800; x_wconf 80' lang='lat' dir='ltr'><strong>Codice</strong></span> <span class='ocrx_word' id='word_1_208' title='bbox 1275 4737 1532 4800; x_wconf 87' lang='lat' dir='ltr'><strong>Observationum</strong></span> 
     </span>
    </p>
   </div>
   <div class='ocr_carea' id='block_1_4' title="bbox 0 0 2063 5934">
    <p class='ocr_par' dir='ltr' id='par_1_7' title="bbox 0 0 2063 5934">
     <span class='ocr_line' id='line_1_29' title="bbox 0 0 2063 5934; baseline 0 0"><span class='ocrx_word' id='word_1_209' title='bbox 0 0 2063 5934; x_wconf 95' lang='lat' dir='ltr'><strong> </strong></span> 
     </span>
    </p>
   </div>
  </div>
 </body>
</html>
