4109 5934
655 692 809 792 ⁸rrrronrro
834 746 872 790 nr
896 744 1012 792 sraela
1038 745 1138 791 uoovs
1163 747 1222 792 our.
1249 731 1333 793 root
1509 736 1572 800 :393

440 878 653 961 responderet
674 876 741 942 Nec
762 894 857 957 spero
876 893 935 940 neo
952 874 1081 949 diffidm
1101 877 1135 940 id
1150 895 1254 941 unum
1273 880 1390 943 saitem
1409 899 1461 944 me
1479 901 1574 962 prae·
1680 914 1684 922 «

442 997 597 1062 stilorum
620 994 731 1069 credo,
754 1000 802 1069 ut,
824 994 911 1074 quod
935 995 999 1057 mei
1022 995 1170 1059 muneris
1194 997 1407 1077 praecipuum
1428 1005 1499 1070 est,
1523 999 1574 1062 ai-

442 1111 549 1187 ieram
578 1111 739 1193 quidquid
774 1111 814 1175 de
836 1116 928 1174 motu
952 1114 984 1173 et
1006 1109 1081 1174 loco
1104 1110 1362 1179 demonstrative
1394 1116 1573 1185 constabitz

443 1228 521 1310 quid
539 1232 653 1295 autem
667 1227 712 1290 ad
726 1226 930 1292 substantiae
949 1226 1196 1307 indagationem
1215 1229 1333 1292 borum
1354 1230 1575 1293 accidentium

443 1347 614 1411 conferunt
640 1327 874 1425 praecognitio,
898 1345 1001 1406 nostis
1024 1362 1148 1407 omnes.
1171 1395 1176 1405 .
1199 1393 1204 1404 .
1229 1393 1235 1406 .

512 1580 570 1636 Birt
585 1580 634 1651 ptri
650 1579 672 1656 il
687 1579 773 1633 brurw
791 1581 927 1647 riportoto
938 1579 985 1633 dol
1002 1577 1129 1634 Venturi:
1146 1587 1239 1649 puerto
1256 1579 1303 1634 ebe
1320 1595 1398 1651 repere
1412 1581 1427 1633 i
1441 1580 1535 1635 l'oltro
1547 1584 1582 1634 do

441 1683 491 1738 mi
505 1680 557 1750 pat
573 1695 655 1749 tom
670 1680 799 1743 indiculo,
818 1695 833 1732 r
850 1679 897 1734 cite
914 1679 1018 1734 sembra
1035 1686 1109 1733 tener
1125 1680 1212 1733 dietro
1229 1679 1287 1733 allo
1303 1681 1493 1747 mutatorium
1517 1682 1583 1735 delle

443 1779 1407 1852 ommumfflmfflwmmmmdmmmm&mm

538 1968 579 2032 lit
598 1968 681 2032 baec
704 1968 770 2031 iere
793 1974 870 2031 sunt
892 1985 977 2048 quae
1002 1968 1222 2048 meoiudicio
1245 1985 1311 2031 non
1346 1975 1431 2032 sunt.
1464 1972 1579 2033 Restat

449 2087 545 2151 modo
567 2091 607 2151 ut
626 2086 716 2168 quod
739 2087 871 2150 tandem
892 2086 934 2149 de
954 2085 1019 2149 bac
1041 2086 1237 2150 admiranda
1267 2086 1471 2168 apparitione
1505 2107 1580 2152 sen-

447 2204 527 2268 tiam
551 2203 587 2269 in
606 2203 756 2269 medium
778 2202 929 2276 aderam,
953 2203 1042 2267 baud
1064 2204 1202 2286 ignarus
1223 2211 1256 2267 et
1277 2222 1332 2268 me
1348 2223 1479 2286 quoque
1501 2223 1581 2268 eau-

448 2321 523 2388 dam
546 2322 735 2388 subiturum
750 2338 821 2385 esse
834 2337 1021 2395 censuram,
1036 2337 1097 2384 nec
1113 2320 1282 2385 defuturos
1296 2323 1354 2402 qui
1370 2339 1424 2385 me
1439 2327 1581 2404 arguant

448 2443 483 2503 et
505 2439 705 2522 improbentr
724 2439 846 2519 quibus
869 2443 980 2502 tamen
1014 2437 1049 2500 id
1071 2455 1175 2501 uuum
1199 2439 1325 2503 dictum
1359 2456 1429 2503 esse
1459 2439 1581 2511 setim,

451 2570 504 2621 me
524 2554 616 2619 illiue
639 2531 798 2620 audaciae
819 2571 885 2618 non
908 2569 978 2619 esse
1000 2561 1038 2618 ut
1053 2555 1186 2619 credam
1201 2556 1404 2636 impossibile
1425 2574 1497 2620 esse
1513 2573 1583 2620 rem

452 2673 549 2738 aliter
570 2687 606 2736 se
626 2670 746 2737 babere
768 2677 866 2753 atque
889 2674 1015 2746 dixero,
1037 2674 1071 2739 id
1090 2675 1182 2738 enim
1206 2678 1335 2738 tantum
1359 2692 1476 2738 ororo
1491 2677 1583 2738 abest

452 2792 493 2851 ut
512 2804 532 2851 o
552 2791 667 2854 contra
687 2805 727 2852 eo
748 2789 813 2852 sim
837 2788 954 2854 timore
975 2794 1009 2852 et
1034 2789 1197 2853 esitantia
1229 2794 1434 2871 occupatus,
1458 2794 1494 2851 ut
1519 2805 1585 2853 non

451 2907 552 2972 modo
573 2908 660 2989 quod
681 2906 763 2971 baec
785 2908 916 2972 noviter
936 2914 1124 2989 conspecta,
1147 2926 1265 2971 verum
1286 2912 1319 2971 et
1337 2908 1425 2987 quod
1448 2925 1525 2971 vere
1543 2909 1586 2969 sit

452 3040 678 3105 quaecumque
700 3025 1005 3104 antiquissimarum
1027 3032 1060 3087 et
1083 3024 1201 3088 millies
1229 3031 1483 3106 conspectarum
1506 3023 1585 3086 stel-

454 3140 562 3206 larum
585 3141 740 3224 ignorare
762 3157 815 3206 me
837 3159 895 3205 ore
915 3141 1058 3206 rotundo
1081 3143 1175 3206 tateri
1198 3159 1264 3206 non
1286 3144 1491 3207 erubescam.

540 3256 639 3336 Quod
660 3257 750 3322 circa
773 3261 895 3322 terram
918 3257 1090 3323 eleventur
1112 3275 1251 3338 vapores
1284 3258 1341 3338 qui
1373 3260 1586 3323 ascendentes

457 3373 542 3440 Solis
568 3374 679 3439 lumen
700 3375 872 3440 reflectant
897 3376 1088 3456 saepissime
1117 3382 1274 3456 apparet,
1296 3394 1374 3440 oum
1412 3377 1446 3441 in
1480 3378 1589 3442 media
1694 3397 1697 3400 ’

458 3487 623 3559 interdum
643 3499 738 3559 nocte
759 3494 890 3559 coelum
913 3493 997 3557 adeo
1018 3494 1184 3558 illustrent
1208 3500 1244 3557 ut
1271 3493 1382 3559 lumen
1410 3497 1444 3559 in
1468 3502 1589 3560 terram

455 3611 687 3691 crepusculiuo
708 3613 817 3676 maius
839 3610 998 3686 effundat,
1020 3612 1056 3674 id
1077 3615 1188 3674 autem
1211 3630 1232 3675 a
1256 3627 1308 3674 me
1322 3612 1453 3691 saepius
1476 3615 1589 3677 obser·

459 3734 579 3791 vatura
601 3734 704 3792 estet
726 3745 855 3809 semper
878 3728 953 3792 talis
977 3728 1035 3791 lux
1057 3730 1191 3792 boream
1219 3744 1335 3792 versus
1368 3736 1526 3809 apparet,
1558 3737 1590 3793 et

458 3844 545 3907 ratio
566 3851 616 3908 est
637 3846 810 3910 manifesta
832 3847 911 3927 quia
933 3863 976 3908 ex
997 3847 1135 3910 meridie
1159 3846 1210 3909 vel
1234 3847 1277 3910 ab
1292 3853 1382 3919 ortu,
1400 3846 1452 3909 vel
1476 3849 1518 3911 ab
1533 3867 1591 3910 oc-

457 3981 540 4028 casu
563 3964 651 4029 iutra
671 3983 793 4030 conum
811 3968 953 4055 umbrae
976 3967 1059 4031 tales
1080 3965 1346 4046 complectuntur
1369 3982 1519 4046 vapores,
1534 3966 1590 4045 qui

435 4098 439 4105 ’
458 4083 593 4147 boream
616 4101 742 4159 versus,
764 4085 806 4148 ob
828 4090 978 4149 nostrum
1002 4085 1036 4147 in
1057 4100 1097 4146 ea
1117 4088 1209 4164 parte
1226 4085 1338 4157 situm,
1352 4083 1498 4164 conspici
1517 4099 1592 4162 pos·

459 4206 552 4275 suut;
575 4206 613 4266 ut
636 4201 826 4284 diligentius
848 4203 1046 4267 considerati
1077 4207 1176 4283 patet.
1211 4202 1288 4267 vidi
1323 4202 1469 4267 Venetiis
1502 4201 1593 4264 eirca

460 4316 579 4380 boram
602 4319 709 4382 noctis
733 4319 912 4382 secundam
936 4336 1045 4384 aerem
1070 4321 1112 4382 ad
1134 4321 1269 4384 boream
1292 4319 1374 4382 odeo
1396 4319 1593 4390 clariorem,

462 4439 499 4497 ut
522 4434 679 4500 adversos
703 4439 842 4519 parietes
858 4438 945 4500 ultra
963 4438 1075 4501 Lunae
1098 4439 1258 4501 rotundae
1277 4437 1387 4499 lumen
1405 4437 1596 4509 illustraret,

460 4555 569 4619 aversi
594 4560 707 4620 autem
731 4555 986 4621 tenebrosissimi
1008 4561 1114 4627 erant;
1138 4573 1259 4618 novam
1275 4560 1386 4618 autem
1403 4556 1596 4619 admiratio-

462 4690 540 4737 nem
562 4673 742 4750 atterebat,
764 4675 852 4755 quod
880 4673 954 4737 viae
975 4690 1062 4753 quae
1086 4673 1234 4752 proxime
1268 4672 1309 4734 ad
1344 4673 1595 4752 septentrionem

463 4789 650 4871 dirigebant
674 4792 827 4871 utrinque
849 4808 869 4853 a
893 4789 1063 4871 splendore
1086 4789 1382 4867 illuminabantur,
1417 4809 1476 4855 uec
1512 4796 1597 4854 tecta

552 4901 678 4958 Glarnno
697 4903 824 4958 Gnarum.
844 4934 868 4944 -
887 4903 918 4956 T.
941 4904 975 4956 V.
1446 4909 1480 4956 tro
