<?xml version="1.0" encoding="UTF-8"?>
<!DOCTYPE html PUBLIC "-//W3C//DTD XHTML 1.0 Transitional//EN"
    "http://www.w3.org/TR/xhtml1/DTD/xhtml1-transitional.dtd">
<html xmlns="http://www.w3.org/1999/xhtml" xml:lang="en" lang="en">
 <head>
  <title>
</title>
<meta http-equiv="Content-Type" content="text/html;charset=utf-8" />
  <meta name='ocr-system' content='tesseract 3.04.00' />
  <meta name='ocr-capabilities' content='ocr_page ocr_carea ocr_par ocr_line ocrx_word'/>
</head>
<body>
  <div class='ocr_page' id='page_1' title='image "./leoperedigalile01vivigoog_0544.png"; bbox 0 0 4109 5934; ppageno 0'>
   <div class='ocr_carea' id='block_1_1' title="bbox 799 718 1571 814">
    <p class='ocr_par' dir='ltr' id='par_1_1' title="bbox 799 718 1571 814">
     <span class='ocr_line' id='line_1_1' title="bbox 799 718 1571 814; baseline 0.012 -9"><span class='ocrx_word' id='word_1_1' title='bbox 799 757 950 805; x_wconf 76' lang='lat' dir='ltr'><strong>aroeoota</strong></span> <span class='ocrx_word' id='word_1_2' title='bbox 974 757 1033 803; x_wconf 84' lang='lat' dir='ltr'><strong>nno</strong></span> <span class='ocrx_word' id='word_1_3' title='bbox 1057 718 1201 805; x_wconf 72' lang='lat' dir='ltr'><strong>contnuo</strong></span> <span class='ocrx_word' id='word_1_4' title='bbox 1508 750 1571 814; x_wconf 83' lang='lat' dir='ltr'><strong>llll</strong></span> 
     </span>
    </p>
   </div>
   <div class='ocr_carea' id='block_1_2' title="bbox 442 887 1576 3336">
    <p class='ocr_par' dir='ltr' id='par_1_2' title="bbox 443 887 1573 1428">
     <span class='ocr_line' id='line_1_2' title="bbox 532 887 1572 975; baseline 0.003 -20"><span class='ocrx_word' id='word_1_5' title='bbox 532 890 562 955; x_wconf 83' lang='lat'><strong>3.</strong></span> <span class='ocrx_word' id='word_1_6' title='bbox 588 887 756 953; x_wconf 88' lang='lat' dir='ltr'><strong>Praetereo</strong></span> <span class='ocrx_word' id='word_1_7' title='bbox 778 889 940 968; x_wconf 69' lang='lat' dir='ltr'><strong>manifeste</strong></span> <span class='ocrx_word' id='word_1_8' title='bbox 959 890 1144 953; x_wconf 75' lang='lat' dir='ltr'><strong><em>contradicit</em></strong></span> <span class='ocrx_word' id='word_1_9' title='bbox 1163 889 1281 955; x_wconf 84' lang='lat' dir='ltr'><strong>Sacrae</strong></span> <span class='ocrx_word' id='word_1_10' title='bbox 1299 891 1493 975; x_wconf 86' lang='lat' dir='ltr'><strong>Scripturae.</strong></span> <span class='ocrx_word' id='word_1_11' title='bbox 1513 896 1572 958; x_wconf 86' lang='lat' dir='ltr'><strong>Di-</strong></span> 
     </span>
     <span class='ocr_line' id='line_1_3' title="bbox 445 1008 1573 1093; baseline 0.006 -21"><span class='ocrx_word' id='word_1_12' title='bbox 445 1010 527 1072; x_wconf 90' lang='lat' dir='ltr'><strong>citur</strong></span> <span class='ocrx_word' id='word_1_13' title='bbox 540 1011 622 1072; x_wconf 87' lang='lat' dir='ltr'><strong>euim</strong></span> <span class='ocrx_word' id='word_1_14' title='bbox 638 1008 722 1073; x_wconf 84' lang='lat' dir='ltr'><strong>Prot.</strong></span> <span class='ocrx_word' id='word_1_15' title='bbox 743 1008 840 1074; x_wconf 84' lang='lat' dir='ltr'>XCII:</span> <span class='ocrx_word' id='word_1_16' title='bbox 858 1009 1019 1072; x_wconf 75' lang='lat' dir='ltr'><strong>firmavit</strong></span> <span class='ocrx_word' id='word_1_17' title='bbox 1042 1011 1154 1074; x_wconf 92' lang='lat' dir='ltr'><strong>orbem</strong></span> <span class='ocrx_word' id='word_1_18' title='bbox 1175 1015 1290 1085; x_wconf 90' lang='lat' dir='ltr'><strong>terrae,</strong></span> <span class='ocrx_word' id='word_1_19' title='bbox 1314 1015 1370 1093; x_wconf 88' lang='lat' dir='ltr'><strong>qui</strong></span> <span class='ocrx_word' id='word_1_20' title='bbox 1393 1031 1457 1077; x_wconf 91' lang='lat' dir='ltr'><strong>non</strong></span> <span class='ocrx_word' id='word_1_21' title='bbox 1481 1033 1573 1079; x_wconf 88' lang='lat' dir='ltr'><strong>oom-</strong></span> 
     </span>
     <span class='ocr_line' id='line_1_4' title="bbox 444 1125 1573 1212; baseline 0.005 -21"><span class='ocrx_word' id='word_1_22' title='bbox 444 1128 638 1195; x_wconf 85' lang='lat' dir='ltr'><strong>morebItur.</strong></span> <span class='ocrx_word' id='word_1_23' title='bbox 662 1125 706 1191; x_wconf 76' lang='lat' dir='ltr'><strong>Iit</strong></span> <span class='ocrx_word' id='word_1_24' title='bbox 731 1126 814 1192; x_wconf 81' lang='lat' dir='ltr'><strong>Ptol.</strong></span> <span class='ocrx_word' id='word_1_25' title='bbox 838 1126 928 1192; x_wconf 85' lang='lat' dir='ltr'><strong>Clll:</strong></span> <span class='ocrx_word' id='word_1_26' title='bbox 952 1127 1017 1204; x_wconf 89' lang='lat' dir='ltr'><strong>Qui</strong></span> <span class='ocrx_word' id='word_1_27' title='bbox 1041 1126 1186 1192; x_wconf 87' lang='lat' dir='ltr'><strong>lundastl</strong></span> <span class='ocrx_word' id='word_1_28' title='bbox 1210 1133 1333 1194; x_wconf 90' lang='lat' dir='ltr'><strong>terram</strong></span> <span class='ocrx_word' id='word_1_29' title='bbox 1353 1149 1450 1212; x_wconf 90' lang='lat' dir='ltr'><strong>super</strong></span> <span class='ocrx_word' id='word_1_30' title='bbox 1470 1135 1573 1197; x_wconf 84' lang='lat' dir='ltr'><strong>stabl-</strong></span> 
     </span>
     <span class='ocr_line' id='line_1_5' title="bbox 443 1245 1571 1316; baseline 0.005 -8"><span class='ocrx_word' id='word_1_31' title='bbox 443 1245 571 1310; x_wconf 86' lang='lat' dir='ltr'><strong>litatem</strong></span> <span class='ocrx_word' id='word_1_32' title='bbox 583 1263 692 1310; x_wconf 88' lang='lat' dir='ltr'><strong>suam:</strong></span> <span class='ocrx_word' id='word_1_33' title='bbox 707 1262 773 1310; x_wconf 96' lang='lat' dir='ltr'><strong>non</strong></span> <span class='ocrx_word' id='word_1_34' title='bbox 790 1246 1004 1310; x_wconf 82' lang='lat' dir='ltr'><strong>inclinabitur</strong></span> <span class='ocrx_word' id='word_1_35' title='bbox 1020 1247 1053 1309; x_wconf 90' lang='lat' dir='ltr'><strong>in</strong></span> <span class='ocrx_word' id='word_1_36' title='bbox 1070 1247 1219 1310; x_wconf 89' lang='lat' dir='ltr'><strong>seculum</strong></span> <span class='ocrx_word' id='word_1_37' title='bbox 1235 1249 1349 1312; x_wconf 86' lang='lat' dir='ltr'><strong>seculi.</strong></span> <span class='ocrx_word' id='word_1_38' title='bbox 1364 1246 1408 1312; x_wconf 79' lang='lat' dir='ltr'><strong>tte</strong></span> <span class='ocrx_word' id='word_1_39' title='bbox 1420 1247 1571 1316; x_wconf 84' lang='lat' dir='ltr'><strong>Salomon</strong></span> 
     </span>
     <span class='ocr_line' id='line_1_6' title="bbox 445 1359 1230 1428; baseline 0.004 -4"><span class='ocrx_word' id='word_1_40' title='bbox 445 1359 563 1426; x_wconf 69' lang='lat' dir='ltr'><strong>Bactra</strong></span> <span class='ocrx_word' id='word_1_41' title='bbox 585 1363 621 1427; x_wconf 85' lang='lat'><strong>1:</strong></span> <span class='ocrx_word' id='word_1_42' title='bbox 644 1360 745 1428; x_wconf 84' lang='lat' dir='ltr'><strong>Terra</strong></span> <span class='ocrx_word' id='word_1_43' title='bbox 767 1367 878 1426; x_wconf 92' lang='lat' dir='ltr'><strong>autem</strong></span> <span class='ocrx_word' id='word_1_44' title='bbox 901 1363 936 1424; x_wconf 89' lang='lat' dir='ltr'><strong>in</strong></span> <span class='ocrx_word' id='word_1_45' title='bbox 959 1367 1131 1425; x_wconf 89' lang='lat' dir='ltr'><strong>aeternum</strong></span> <span class='ocrx_word' id='word_1_46' title='bbox 1155 1369 1230 1427; x_wconf 92' lang='lat' dir='ltr'><strong>stat.</strong></span> 
     </span>
    </p>

    <p class='ocr_par' dir='ltr' id='par_1_3' title="bbox 445 1479 1574 2036">
     <span class='ocr_line' id='line_1_7' title="bbox 532 1479 1571 1561; baseline 0.007 -18"><span class='ocrx_word' id='word_1_47' title='bbox 532 1481 563 1544; x_wconf 85' lang='lat' dir='ltr'><strong>l.</strong></span> <span class='ocrx_word' id='word_1_48' title='bbox 586 1479 755 1545; x_wconf 85' lang='lat' dir='ltr'><strong>Praetereo</strong></span> <span class='ocrx_word' id='word_1_49' title='bbox 786 1481 868 1543; x_wconf 82' lang='lat' dir='ltr'><strong>idem</strong></span> <span class='ocrx_word' id='word_1_50' title='bbox 896 1488 981 1561; x_wconf 90' lang='lat' dir='ltr'><strong>patet</strong></span> <span class='ocrx_word' id='word_1_51' title='bbox 1008 1481 1044 1543; x_wconf 84' lang='lat' dir='ltr'><strong>cte</strong></span> <span class='ocrx_word' id='word_1_52' title='bbox 1076 1491 1163 1544; x_wconf 87' lang='lat' dir='ltr'><strong>motu</strong></span> <span class='ocrx_word' id='word_1_53' title='bbox 1186 1479 1278 1546; x_wconf 79' lang='lat' dir='ltr'><strong>Solis.</strong></span> <span class='ocrx_word' id='word_1_54' title='bbox 1318 1482 1444 1548; x_wconf 75' lang='lat' dir='ltr'><strong>Dicitur</strong></span> <span class='ocrx_word' id='word_1_55' title='bbox 1466 1489 1571 1560; x_wconf 84' lang='lat' dir='ltr'><strong>euim,</strong></span> 
     </span>
     <span class='ocr_line' id='line_1_8' title="bbox 446 1599 1573 1677; baseline 0.004 -12"><span class='ocrx_word' id='word_1_56' title='bbox 446 1599 565 1665; x_wconf 78' lang='lat' dir='ltr'><strong>Bootes.</strong></span> <span class='ocrx_word' id='word_1_57' title='bbox 586 1601 658 1664; x_wconf 81' lang='lat' dir='ltr'><strong>itia.</strong></span> <span class='ocrx_word' id='word_1_58' title='bbox 681 1601 781 1666; x_wconf 83' lang='lat' dir='ltr'><strong>Terra</strong></span> <span class='ocrx_word' id='word_1_59' title='bbox 804 1601 838 1664; x_wconf 89' lang='lat' dir='ltr'><strong>in</strong></span> <span class='ocrx_word' id='word_1_60' title='bbox 862 1606 1034 1665; x_wconf 91' lang='lat' dir='ltr'><strong>aeternum</strong></span> <span class='ocrx_word' id='word_1_61' title='bbox 1062 1606 1150 1675; x_wconf 85' lang='lat' dir='ltr'><strong>stat,</strong></span> <span class='ocrx_word' id='word_1_62' title='bbox 1171 1602 1280 1667; x_wconf 89' lang='lat' dir='ltr'><strong>oritur</strong></span> <span class='ocrx_word' id='word_1_63' title='bbox 1301 1604 1348 1667; x_wconf 88' lang='lat' dir='ltr'><strong>sol</strong></span> <span class='ocrx_word' id='word_1_64' title='bbox 1375 1608 1407 1667; x_wconf 93' lang='lat' dir='ltr'><strong>et</strong></span> <span class='ocrx_word' id='word_1_65' title='bbox 1429 1606 1573 1677; x_wconf 85' lang='lat' dir='ltr'><strong>occidit,</strong></span> 
     </span>
     <span class='ocr_line' id='line_1_9' title="bbox 445 1695 1574 1804; baseline 0.004 -23"><span class='ocrx_word' id='word_1_66' title='bbox 445 1695 478 1781; x_wconf 83' lang='lat' dir='ltr'><strong>et</strong></span> <span class='ocrx_word' id='word_1_67' title='bbox 499 1718 541 1781; x_wconf 80' lang='lat' dir='ltr'><strong>ad</strong></span> <span class='ocrx_word' id='word_1_68' title='bbox 564 1718 673 1782; x_wconf 91' lang='lat' dir='ltr'><strong>locum</strong></span> <span class='ocrx_word' id='word_1_69' title='bbox 695 1734 793 1782; x_wconf 83' lang='lat' dir='ltr'><strong>cuum</strong></span> <span class='ocrx_word' id='word_1_70' title='bbox 817 1721 1017 1782; x_wconf 88' lang='lat' dir='ltr'><strong>rerertItur:</strong></span> <span class='ocrx_word' id='word_1_71' title='bbox 1042 1719 1152 1799; x_wconf 81' lang='lat' dir='ltr'><strong>ibique</strong></span> <span class='ocrx_word' id='word_1_72' title='bbox 1174 1733 1374 1796; x_wconf 87' lang='lat' dir='ltr'><strong>renascens,</strong></span> <span class='ocrx_word' id='word_1_73' title='bbox 1398 1729 1493 1804; x_wconf 80' lang='lat' dir='ltr'>gyrat</span> <span class='ocrx_word' id='word_1_74' title='bbox 1517 1738 1574 1804; x_wconf 86' lang='lat' dir='ltr'><strong>por</strong></span> 
     </span>
     <span class='ocr_line' id='line_1_10' title="bbox 446 1835 1573 1916; baseline 0.004 -17"><span class='ocrx_word' id='word_1_75' title='bbox 446 1836 614 1899; x_wconf 82' lang='lat' dir='ltr'><strong>meridiem</strong></span> <span class='ocrx_word' id='word_1_76' title='bbox 636 1840 669 1899; x_wconf 91' lang='lat' dir='ltr'><strong>et</strong></span> <span class='ocrx_word' id='word_1_77' title='bbox 693 1835 839 1899; x_wconf 81' lang='lat' dir='ltr'><strong>flectitur</strong></span> <span class='ocrx_word' id='word_1_78' title='bbox 872 1837 914 1899; x_wconf 88' lang='lat' dir='ltr'><strong>ad</strong></span> <span class='ocrx_word' id='word_1_79' title='bbox 949 1835 1159 1916; x_wconf 80' lang='lat' dir='ltr'><strong>aquilonem:</strong></span> <span class='ocrx_word' id='word_1_80' title='bbox 1193 1837 1338 1902; x_wconf 81' lang='lat' dir='ltr'><strong>lustrans</strong></span> <span class='ocrx_word' id='word_1_81' title='bbox 1360 1840 1514 1904; x_wconf 83' lang='lat' dir='ltr'><strong>universa</strong></span> <span class='ocrx_word' id='word_1_82' title='bbox 1540 1842 1573 1903; x_wconf 92' lang='lat' dir='ltr'><strong>in</strong></span> 
     </span>
     <span class='ocr_line' id='line_1_11' title="bbox 445 1954 1469 2036; baseline 0.003 -20"><span class='ocrx_word' id='word_1_83' title='bbox 445 1954 588 2018; x_wconf 91' lang='lat' dir='ltr'><strong>circuitu</strong></span> <span class='ocrx_word' id='word_1_84' title='bbox 612 1954 720 2036; x_wconf 76' lang='lat' dir='ltr'><strong>pergit</strong></span> <span class='ocrx_word' id='word_1_85' title='bbox 744 1955 879 2034; x_wconf 86' lang='lat' dir='ltr'><strong>spiritus</strong></span> <span class='ocrx_word' id='word_1_86' title='bbox 901 1959 934 2017; x_wconf 92' lang='lat' dir='ltr'><strong>et</strong></span> <span class='ocrx_word' id='word_1_87' title='bbox 956 1954 992 2017; x_wconf 91' lang='lat' dir='ltr'><strong>ln</strong></span> <span class='ocrx_word' id='word_1_88' title='bbox 1015 1955 1159 2018; x_wconf 81' lang='lat' dir='ltr'><strong>clnculoe</strong></span> <span class='ocrx_word' id='word_1_89' title='bbox 1182 1972 1258 2019; x_wconf 84' lang='lat' dir='ltr'><strong>snos</strong></span> <span class='ocrx_word' id='word_1_90' title='bbox 1281 1958 1469 2021; x_wconf 87' lang='lat' dir='ltr'><strong>revertltur.</strong></span> 
     </span>
    </p>

    <p class='ocr_par' dir='ltr' id='par_1_4' title="bbox 442 2069 1573 2628">
     <span class='ocr_line' id='line_1_12' title="bbox 532 2069 1573 2165; baseline 0.002 -30"><span class='ocrx_word' id='word_1_91' title='bbox 532 2071 562 2135; x_wconf 82' lang='lat' dir='ltr'><strong>li.</strong></span> <span class='ocrx_word' id='word_1_92' title='bbox 585 2069 757 2165; x_wconf 79' lang='lat' dir='ltr'><strong>Praeterea</strong></span> <span class='ocrx_word' id='word_1_93' title='bbox 778 2069 894 2134; x_wconf 81' lang='lat' dir='ltr'><strong>Joruae</strong></span> <span class='ocrx_word' id='word_1_94' title='bbox 918 2071 949 2136; x_wconf 99' lang='lat' dir='ltr'>X</span> <span class='ocrx_word' id='word_1_95' title='bbox 972 2072 1104 2151; x_wconf 86' lang='lat' dir='ltr'><strong>pouitur</strong></span> <span class='ocrx_word' id='word_1_96' title='bbox 1122 2088 1183 2152; x_wconf 88' lang='lat' dir='ltr'><strong>pro</strong></span> <span class='ocrx_word' id='word_1_97' title='bbox 1205 2070 1444 2152; x_wconf 78' lang='lat' dir='ltr'><strong>stupendimimo</strong></span> <span class='ocrx_word' id='word_1_98' title='bbox 1472 2075 1573 2137; x_wconf 87' lang='lat' dir='ltr'><strong>mira·</strong></span> 
     </span>
     <span class='ocr_line' id='line_1_13' title="bbox 444 2187 1573 2272; baseline 0.001 -19"><span class='ocrx_word' id='word_1_99' title='bbox 444 2190 531 2265; x_wconf 88' lang='lat' dir='ltr'><strong>culo,</strong></span> <span class='ocrx_word' id='word_1_100' title='bbox 554 2190 638 2272; x_wconf 79' lang='lat' dir='ltr'><strong>quoa</strong></span> <span class='ocrx_word' id='word_1_101' title='bbox 659 2189 754 2254; x_wconf 81' lang='lat' dir='ltr'><strong>Jorue</strong></span> <span class='ocrx_word' id='word_1_102' title='bbox 775 2197 894 2253; x_wconf 93' lang='lat' dir='ltr'><strong>motum</strong></span> <span class='ocrx_word' id='word_1_103' title='bbox 917 2187 1001 2253; x_wconf 79' lang='lat' dir='ltr'><strong>Salio</strong></span> <span class='ocrx_word' id='word_1_104' title='bbox 1023 2191 1165 2253; x_wconf 83' lang='lat' dir='ltr'><strong>oratioue</strong></span> <span class='ocrx_word' id='word_1_105' title='bbox 1195 2191 1380 2270; x_wconf 69' lang='lat' dir='ltr'><strong>frenaverit.</strong></span> <span class='ocrx_word' id='word_1_106' title='bbox 1405 2191 1482 2266; x_wconf 85' lang='lat' dir='ltr'><strong>Sol,</strong></span> <span class='ocrx_word' id='word_1_107' title='bbox 1505 2193 1573 2266; x_wconf 86' lang='lat' dir='ltr'><strong>ait,</strong></span> 
     </span>
     <span class='ocr_line' id='line_1_14' title="bbox 442 2308 1572 2383; baseline -0.002 -9"><span class='ocrx_word' id='word_1_108' title='bbox 442 2316 556 2374; x_wconf 89' lang='lat' dir='ltr'><strong>contra</strong></span> <span class='ocrx_word' id='word_1_109' title='bbox 577 2308 713 2375; x_wconf 87' lang='lat' dir='ltr'><strong>Gabaon</strong></span> <span class='ocrx_word' id='word_1_110' title='bbox 736 2326 777 2372; x_wconf 94' lang='lat' dir='ltr'><strong>ne</strong></span> <span class='ocrx_word' id='word_1_111' title='bbox 800 2309 976 2383; x_wconf 84' lang='lat' dir='ltr'><strong>movearIs,</strong></span> <span class='ocrx_word' id='word_1_112' title='bbox 998 2315 1031 2371; x_wconf 91' lang='lat' dir='ltr'><strong>et</strong></span> <span class='ocrx_word' id='word_1_113' title='bbox 1054 2309 1133 2371; x_wconf 93' lang='lat' dir='ltr'><strong>luna</strong></span> <span class='ocrx_word' id='word_1_114' title='bbox 1155 2313 1270 2372; x_wconf 89' lang='lat' dir='ltr'><strong>contra</strong></span> <span class='ocrx_word' id='word_1_115' title='bbox 1295 2309 1418 2372; x_wconf 91' lang='lat' dir='ltr'><strong>vallem</strong></span> <span class='ocrx_word' id='word_1_116' title='bbox 1443 2310 1572 2374; x_wconf 81' lang='lat' dir='ltr'><strong>Aialon.</strong></span> 
     </span>
     <span class='ocr_line' id='line_1_15' title="bbox 444 2399 1573 2509; baseline -0.004 -16"><span class='ocrx_word' id='word_1_117' title='bbox 444 2428 605 2509; x_wconf 86' lang='lat' dir='ltr'><strong>StetItque</strong></span> <span class='ocrx_word' id='word_1_118' title='bbox 632 2428 681 2492; x_wconf 82' lang='lat' dir='ltr'><strong>eol</strong></span> <span class='ocrx_word' id='word_1_119' title='bbox 707 2431 741 2491; x_wconf 92' lang='lat' dir='ltr'><strong>in</strong></span> <span class='ocrx_word' id='word_1_120' title='bbox 768 2427 877 2491; x_wconf 87' lang='lat' dir='ltr'><strong>medlo</strong></span> <span class='ocrx_word' id='word_1_121' title='bbox 898 2428 1004 2502; x_wconf 90' lang='lat' dir='ltr'><strong>coeli,</strong></span> <span class='ocrx_word' id='word_1_122' title='bbox 1027 2432 1060 2491; x_wconf 92' lang='lat' dir='ltr'><strong>et</strong></span> <span class='ocrx_word' id='word_1_123' title='bbox 1082 2442 1148 2491; x_wconf 94' lang='lat' dir='ltr'><strong>non</strong></span> <span class='ocrx_word' id='word_1_124' title='bbox 1177 2427 1345 2492; x_wconf 82' lang='lat' dir='ltr'><strong>testtnarit</strong></span> <span class='ocrx_word' id='word_1_125' title='bbox 1378 2399 1573 2492; x_wconf 85' lang='lat' dir='ltr'><strong>occumbere</strong></span> 
     </span>
     <span class='ocr_line' id='line_1_16' title="bbox 445 2543 1545 2628; baseline -0.002 -18"><span class='ocrx_word' id='word_1_126' title='bbox 445 2549 556 2628; x_wconf 82' lang='lat' dir='ltr'><strong>spacio</strong></span> <span class='ocrx_word' id='word_1_127' title='bbox 577 2547 679 2610; x_wconf 81' lang='lat' dir='ltr'><strong>unius</strong></span> <span class='ocrx_word' id='word_1_128' title='bbox 701 2545 775 2610; x_wconf 86' lang='lat' dir='ltr'><strong>diei.</strong></span> <span class='ocrx_word' id='word_1_129' title='bbox 799 2544 887 2609; x_wconf 82' lang='lat' dir='ltr'><strong>Idem</strong></span> <span class='ocrx_word' id='word_1_130' title='bbox 909 2547 1061 2626; x_wconf 84' lang='lat' dir='ltr'><strong>repetitur</strong></span> <span class='ocrx_word' id='word_1_131' title='bbox 1083 2549 1117 2607; x_wconf 88' lang='lat' dir='ltr'><strong>ia</strong></span> <span class='ocrx_word' id='word_1_132' title='bbox 1142 2543 1323 2609; x_wconf 78' lang='lat' dir='ltr'><strong>Ecclesiam.</strong></span> <span class='ocrx_word' id='word_1_133' title='bbox 1344 2564 1410 2628; x_wconf 91' lang='lat' dir='ltr'><strong>cap.</strong></span> <span class='ocrx_word' id='word_1_134' title='bbox 1434 2547 1545 2612; x_wconf 86' lang='lat' dir='ltr'>XLVI.</span> 
     </span>
    </p>

    <p class='ocr_par' dir='ltr' id='par_1_5' title="bbox 443 2661 1576 3336">
     <span class='ocr_line' id='line_1_17' title="bbox 526 2661 1575 2744; baseline 0 -17"><span class='ocrx_word' id='word_1_135' title='bbox 526 2661 558 2727; x_wconf 87' lang='grc'><strong>6.</strong></span> <span class='ocrx_word' id='word_1_136' title='bbox 573 2661 741 2727; x_wconf 85' lang='lat' dir='ltr'><strong>Praeterea</strong></span> <span class='ocrx_word' id='word_1_137' title='bbox 750 2661 855 2728; x_wconf 77' lang='lat' dir='ltr'><strong>Isaiae</strong></span> <span class='ocrx_word' id='word_1_138' title='bbox 866 2664 1033 2728; x_wconf 77' lang='lat' dir='ltr'>XXXVIII</span> <span class='ocrx_word' id='word_1_139' title='bbox 1045 2663 1079 2725; x_wconf 90' lang='lat' dir='ltr'><strong>ia</strong></span> <span class='ocrx_word' id='word_1_140' title='bbox 1089 2664 1216 2744; x_wconf 79' lang='lat' dir='ltr'><strong>ripaum</strong></span> <span class='ocrx_word' id='word_1_141' title='bbox 1227 2665 1373 2727; x_wconf 79' lang='lat' dir='ltr'><strong>sanitatis</strong></span> <span class='ocrx_word' id='word_1_142' title='bbox 1384 2680 1575 2744; x_wconf 86' lang='lat' dir='ltr'><strong>recuperau-</strong></span> 
     </span>
     <span class='ocr_line' id='line_1_18' title="bbox 445 2779 1574 2863; baseline 0.004 -21"><span class='ocrx_word' id='word_1_143' title='bbox 445 2780 502 2844; x_wconf 83' lang='lat' dir='ltr'><strong>dae</strong></span> <span class='ocrx_word' id='word_1_144' title='bbox 519 2781 572 2845; x_wconf 85' lang='lat' dir='ltr'><strong>aat</strong></span> <span class='ocrx_word' id='word_1_145' title='bbox 596 2779 680 2845; x_wconf 80' lang='lat' dir='ltr'><strong>Deru</strong></span> <span class='ocrx_word' id='word_1_146' title='bbox 692 2779 845 2845; x_wconf 70' lang='lat' dir='ltr'><strong>Emetitur</strong></span> <span class='ocrx_word' id='word_1_147' title='bbox 856 2789 1038 2863; x_wconf 77' lang='lat' dir='ltr'><strong>portentum</strong></span> <span class='ocrx_word' id='word_1_148' title='bbox 1049 2783 1084 2844; x_wconf 85' lang='lat' dir='ltr'><strong>iu</strong></span> <span class='ocrx_word' id='word_1_149' title='bbox 1096 2782 1252 2863; x_wconf 83' lang='lat' dir='ltr'><strong>borolopio</strong></span> <span class='ocrx_word' id='word_1_150' title='bbox 1267 2781 1390 2846; x_wconf 77' lang='lat' dir='ltr'><strong>Actae:</strong></span> <span class='ocrx_word' id='word_1_151' title='bbox 1407 2782 1450 2846; x_wconf 83' lang='lat' dir='ltr'><strong>Et</strong></span> <span class='ocrx_word' id='word_1_152' title='bbox 1461 2799 1574 2847; x_wconf 83' lang='lat' dir='ltr'><strong>rever·</strong></span> 
     </span>
     <span class='ocr_line' id='line_1_19' title="bbox 445 2898 1576 2983; baseline 0.002 -21"><span class='ocrx_word' id='word_1_153' title='bbox 445 2916 501 2963; x_wconf 89' lang='lat' dir='ltr'><strong>sns</strong></span> <span class='ocrx_word' id='word_1_154' title='bbox 522 2901 641 2965; x_wconf 81' lang='lat' dir='ltr'><strong>estaol</strong></span> <span class='ocrx_word' id='word_1_155' title='bbox 668 2901 781 2965; x_wconf 85' lang='lat' dir='ltr'><strong>decem</strong></span> <span class='ocrx_word' id='word_1_156' title='bbox 804 2901 898 2965; x_wconf 88' lang='lat' dir='ltr'><strong>lineis</strong></span> <span class='ocrx_word' id='word_1_157' title='bbox 922 2918 979 2982; x_wconf 88' lang='lat' dir='ltr'><strong>per</strong></span> <span class='ocrx_word' id='word_1_158' title='bbox 1001 2901 1123 2983; x_wconf 79' lang='lat' dir='ltr'><strong>greum</strong></span> <span class='ocrx_word' id='word_1_159' title='bbox 1140 2917 1222 2982; x_wconf 84' lang='lat' dir='ltr'><strong>quoe</strong></span> <span class='ocrx_word' id='word_1_160' title='bbox 1238 2899 1458 2964; x_wconf 84' lang='lat' dir='ltr'><strong>descenderet.</strong></span> <span class='ocrx_word' id='word_1_161' title='bbox 1471 2898 1576 2982; x_wconf 89' lang='lat' dir='ltr'><strong>Super</strong></span> 
     </span>
     <span class='ocr_line' id='line_1_20' title="bbox 443 3016 1571 3099; baseline 0.001 -19"><span class='ocrx_word' id='word_1_162' title='bbox 443 3035 505 3098; x_wconf 79' lang='lat' dir='ltr'><strong>auo</strong></span> <span class='ocrx_word' id='word_1_163' title='bbox 522 3025 668 3098; x_wconf 86' lang='lat' dir='ltr'><strong>portento</strong></span> <span class='ocrx_word' id='word_1_164' title='bbox 688 3021 905 3098; x_wconf 85' lang='lat' dir='ltr'><strong>iuterroputur</strong></span> <span class='ocrx_word' id='word_1_165' title='bbox 924 3016 1076 3083; x_wconf 79' lang='lat' dir='ltr'><strong>Erecbiar</strong></span> <span class='ocrx_word' id='word_1_166' title='bbox 1099 3035 1120 3082; x_wconf 95' lang='lat' dir='ltr'><strong>a</strong></span> <span class='ocrx_word' id='word_1_167' title='bbox 1143 3036 1213 3099; x_wconf 84' lang='lat' dir='ltr'><strong>repe</strong></span> <span class='ocrx_word' id='word_1_168' title='bbox 1238 3018 1479 3090; x_wconf 72' lang='lat' dir='ltr'><strong>Chaldaeorum.</strong></span> <span class='ocrx_word' id='word_1_169' title='bbox 1503 3021 1571 3099; x_wconf 82' lang='lat' dir='ltr'><strong>qui.</strong></span> 
     </span>
     <span class='ocr_line' id='line_1_21' title="bbox 443 3135 1572 3215; baseline 0.003 -19"><span class='ocrx_word' id='word_1_170' title='bbox 443 3151 513 3196; x_wconf 88' lang='lat' dir='ltr'><strong>rum</strong></span> <span class='ocrx_word' id='word_1_171' title='bbox 535 3136 746 3199; x_wconf 78' lang='lat' dir='ltr'><strong>astronomiae</strong></span> <span class='ocrx_word' id='word_1_172' title='bbox 768 3152 895 3215; x_wconf 90' lang='lat' dir='ltr'><strong>operam</strong></span> <span class='ocrx_word' id='word_1_173' title='bbox 918 3135 1028 3211; x_wconf 83' lang='lat' dir='ltr'><strong>daret,</strong></span> <span class='ocrx_word' id='word_1_174' title='bbox 1051 3137 1131 3199; x_wconf 80' lang='lat' dir='ltr'><strong>banc</strong></span> <span class='ocrx_word' id='word_1_175' title='bbox 1154 3137 1225 3200; x_wconf 78' lang='lat' dir='ltr'><strong>sotir</strong></span> <span class='ocrx_word' id='word_1_176' title='bbox 1249 3138 1482 3199; x_wconf 77' lang='lat' dir='ltr'><strong>coaoermonem</strong></span> <span class='ocrx_word' id='word_1_177' title='bbox 1500 3138 1572 3200; x_wconf 89' lang='lat' dir='ltr'><strong>aoi-</strong></span> 
     </span>
     <span class='ocr_line' id='line_1_22' title="bbox 443 3250 1574 3336; baseline 0 -20"><span class='ocrx_word' id='word_1_178' title='bbox 443 3254 620 3328; x_wconf 83' lang='lat' dir='ltr'><strong>madoertit,</strong></span> <span class='ocrx_word' id='word_1_179' title='bbox 642 3262 678 3316; x_wconf 89' lang='lat' dir='ltr'><strong>ut</strong></span> <span class='ocrx_word' id='word_1_180' title='bbox 700 3271 741 3318; x_wconf 81' lang='lat' dir='ltr'><strong>ea</strong></span> <span class='ocrx_word' id='word_1_181' title='bbox 762 3255 791 3318; x_wconf 94' lang='lat' dir='ltr'><strong>ll</strong></span> <span class='ocrx_word' id='word_1_182' title='bbox 816 3253 957 3335; x_wconf 87' lang='lat' dir='ltr'><strong>Paralip.</strong></span> <span class='ocrx_word' id='word_1_183' title='bbox 976 3254 1139 3334; x_wconf 78' lang='lat' dir='ltr'><strong>32-potert</strong></span> <span class='ocrx_word' id='word_1_184' title='bbox 1162 3256 1300 3334; x_wconf 83' lang='lat' dir='ltr'><strong>apamci.</strong></span> <span class='ocrx_word' id='word_1_185' title='bbox 1328 3250 1526 3336; x_wconf 78' lang='lat' dir='ltr'><strong>Quapropter</strong></span> <span class='ocrx_word' id='word_1_186' title='bbox 1548 3256 1574 3316; x_wconf 81' lang='lat' dir='ltr'><strong>ri</strong></span> 
     </span>
    </p>
   </div>
   <div class='ocr_carea' id='block_1_3' title="bbox 443 3373 1693 3464">
    <p class='ocr_par' dir='ltr' id='par_1_6' title="bbox 443 3373 1693 3464">
     <span class='ocr_line' id='line_1_23' title="bbox 443 3373 1693 3464; baseline 0.002 -30"><span class='ocrx_word' id='word_1_187' title='bbox 443 3391 508 3437; x_wconf 82' lang='lat' dir='ltr'><strong>rroa</strong></span> <span class='ocrx_word' id='word_1_188' title='bbox 528 3390 598 3437; x_wconf 84' lang='lat' dir='ltr'><strong>rere</strong></span> <span class='ocrx_word' id='word_1_189' title='bbox 625 3373 707 3436; x_wconf 85' lang='lat' dir='ltr'><strong>Deur</strong></span> <span class='ocrx_word' id='word_1_190' title='bbox 730 3383 848 3438; x_wconf 89' lang='lat' dir='ltr'><strong>motum</strong></span> <span class='ocrx_word' id='word_1_191' title='bbox 870 3375 942 3436; x_wconf 76' lang='lat' dir='ltr'><strong>solit</strong></span> <span class='ocrx_word' id='word_1_192' title='bbox 966 3374 1118 3445; x_wconf 75' lang='lat' dir='ltr'><strong>inhibuit,</strong></span> <span class='ocrx_word' id='word_1_193' title='bbox 1142 3392 1206 3436; x_wconf 83' lang='lat' dir='ltr'><strong>aon</strong></span> <span class='ocrx_word' id='word_1_194' title='bbox 1229 3391 1339 3437; x_wconf 88' lang='lat' dir='ltr'><strong>oerum</strong></span> <span class='ocrx_word' id='word_1_195' title='bbox 1363 3384 1407 3436; x_wconf 80' lang='lat' dir='ltr'><strong>est</strong></span> <span class='ocrx_word' id='word_1_196' title='bbox 1430 3375 1573 3437; x_wconf 88' lang='lat' dir='ltr'><strong>miracu·</strong></span> <span class='ocrx_word' id='word_1_197' title='bbox 1691 3460 1693 3464; x_wconf 10' lang='grc' dir='ltr'><em>Α</em></span> 
     </span>
    </p>
   </div>
   <div class='ocr_carea' id='block_1_4' title="bbox 441 3487 1575 4391">
    <p class='ocr_par' dir='ltr' id='par_1_7' title="bbox 443 3487 1574 3671">
     <span class='ocr_line' id='line_1_24' title="bbox 443 3487 1574 3572; baseline 0.004 -22"><span class='ocrx_word' id='word_1_198' title='bbox 443 3487 518 3551; x_wconf 85' lang='lat' dir='ltr'><strong>tum.</strong></span> <span class='ocrx_word' id='word_1_199' title='bbox 542 3487 630 3571; x_wconf 78' lang='lat' dir='ltr'><strong>Erpa</strong></span> <span class='ocrx_word' id='word_1_200' title='bbox 651 3490 731 3570; x_wconf 73' lang='lat' dir='ltr'><strong>salta</strong></span> <span class='ocrx_word' id='word_1_201' title='bbox 753 3491 922 3571; x_wconf 76' lang='lat' dir='ltr'><strong>scripturo,</strong></span> <span class='ocrx_word' id='word_1_202' title='bbox 945 3507 1027 3572; x_wconf 85' lang='lat' dir='ltr'><strong>puae</strong></span> <span class='ocrx_word' id='word_1_203' title='bbox 1050 3508 1107 3567; x_wconf 86' lang='lat' dir='ltr'><strong>pro</strong></span> <span class='ocrx_word' id='word_1_204' title='bbox 1129 3492 1212 3553; x_wconf 80' lang='lat' dir='ltr'><strong>veris</strong></span> <span class='ocrx_word' id='word_1_205' title='bbox 1237 3492 1402 3555; x_wconf 75' lang='lat' dir='ltr'><strong>miraculis</strong></span> <span class='ocrx_word' id='word_1_206' title='bbox 1426 3493 1487 3555; x_wconf 79' lang='lat' dir='ltr'><strong>ista</strong></span> <span class='ocrx_word' id='word_1_207' title='bbox 1511 3492 1574 3555; x_wconf 81' lang='lat' dir='ltr'><strong>dua</strong></span> 
     </span>
     <span class='ocr_line' id='line_1_25' title="bbox 445 3616 568 3671; baseline 0.016 -3"><span class='ocrx_word' id='word_1_208' title='bbox 445 3616 568 3671; x_wconf 81' lang='lat' dir='ltr'><strong>narrat.</strong></span> 
     </span>
    </p>

    <p class='ocr_par' dir='ltr' id='par_1_8' title="bbox 441 3721 1575 4391">
     <span class='ocr_line' id='line_1_26' title="bbox 531 3721 1574 3808; baseline 0.001 -20"><span class='ocrx_word' id='word_1_209' title='bbox 531 3725 563 3788; x_wconf 84' lang='lat'><strong>7.</strong></span> <span class='ocrx_word' id='word_1_210' title='bbox 586 3721 757 3792; x_wconf 89' lang='lat' dir='ltr'><strong>Praetereo</strong></span> <span class='ocrx_word' id='word_1_211' title='bbox 770 3727 806 3789; x_wconf 83' lang='lat' dir='ltr'><strong>de</strong></span> <span class='ocrx_word' id='word_1_212' title='bbox 823 3727 897 3790; x_wconf 74' lang='lat' dir='ltr'><strong>coeli</strong></span> <span class='ocrx_word' id='word_1_213' title='bbox 912 3726 1024 3790; x_wconf 79' lang='lat' dir='ltr'><strong>stellati</strong></span> <span class='ocrx_word' id='word_1_214' title='bbox 1039 3736 1127 3790; x_wconf 90' lang='lat' dir='ltr'><strong>motu</strong></span> <span class='ocrx_word' id='word_1_215' title='bbox 1142 3726 1286 3790; x_wconf 80' lang='lat' dir='ltr'><strong>videmur</strong></span> <span class='ocrx_word' id='word_1_216' title='bbox 1300 3726 1335 3788; x_wconf 87' lang='lat' dir='ltr'><strong>in</strong></span> <span class='ocrx_word' id='word_1_217' title='bbox 1347 3722 1451 3789; x_wconf 90' lang='lat' dir='ltr'><strong>Sacra</strong></span> <span class='ocrx_word' id='word_1_218' title='bbox 1463 3723 1574 3808; x_wconf 85' lang='lat' dir='ltr'><strong>Scrip-</strong></span> 
     </span>
     <span class='ocr_line' id='line_1_27' title="bbox 444 3843 1572 3916; baseline 0.001 -10"><span class='ocrx_word' id='word_1_219' title='bbox 444 3853 519 3906; x_wconf 91' lang='lat' dir='ltr'><strong>tura</strong></span> <span class='ocrx_word' id='word_1_220' title='bbox 541 3845 704 3910; x_wconf 81' lang='lat' dir='ltr'><strong>atlmirari.</strong></span> <span class='ocrx_word' id='word_1_221' title='bbox 731 3844 855 3909; x_wconf 83' lang='lat' dir='ltr'><strong>Dicitur</strong></span> <span class='ocrx_word' id='word_1_222' title='bbox 883 3847 966 3908; x_wconf 84' lang='lat' dir='ltr'><strong>enim</strong></span> <span class='ocrx_word' id='word_1_223' title='bbox 999 3847 1034 3908; x_wconf 88' lang='lat' dir='ltr'><strong>ia</strong></span> <span class='ocrx_word' id='word_1_224' title='bbox 1067 3847 1190 3909; x_wconf 86' lang='lat' dir='ltr'><strong>cantico</strong></span> <span class='ocrx_word' id='word_1_225' title='bbox 1217 3843 1374 3916; x_wconf 80' lang='lat' dir='ltr'><strong>Drborae.</strong></span> <span class='ocrx_word' id='word_1_226' title='bbox 1398 3843 1502 3907; x_wconf 78' lang='lat' dir='ltr'><strong>ludio.</strong></span> <span class='ocrx_word' id='word_1_227' title='bbox 1530 3848 1572 3910; x_wconf 90' lang='lat' dir='ltr'><strong>V:</strong></span> 
     </span>
     <span class='ocr_line' id='line_1_28' title="bbox 443 3960 1572 4029; baseline -0.006 0"><span class='ocrx_word' id='word_1_228' title='bbox 443 3963 564 4029; x_wconf 84' lang='lat' dir='ltr'><strong>Stellae</strong></span> <span class='ocrx_word' id='word_1_229' title='bbox 585 3969 754 4028; x_wconf 85' lang='lat' dir='ltr'><strong>manentes</strong></span> <span class='ocrx_word' id='word_1_230' title='bbox 776 3965 812 4027; x_wconf 91' lang='lat' dir='ltr'><strong>in</strong></span> <span class='ocrx_word' id='word_1_231' title='bbox 834 3964 948 4028; x_wconf 87' lang='lat' dir='ltr'><strong>ordine</strong></span> <span class='ocrx_word' id='word_1_232' title='bbox 970 3969 1003 4027; x_wconf 93' lang='lat' dir='ltr'><strong>et</strong></span> <span class='ocrx_word' id='word_1_233' title='bbox 1025 3976 1126 4026; x_wconf 90' lang='lat' dir='ltr'><strong>cursu</strong></span> <span class='ocrx_word' id='word_1_234' title='bbox 1155 3980 1216 4028; x_wconf 90' lang='lat' dir='ltr'><strong>suo</strong></span> <span class='ocrx_word' id='word_1_235' title='bbox 1244 3962 1403 4028; x_wconf 82' lang='lat' dir='ltr'><strong>adversus</strong></span> <span class='ocrx_word' id='word_1_236' title='bbox 1426 3960 1572 4026; x_wconf 77' lang='lat' dir='ltr'><strong>Siraram</strong></span> 
     </span>
     <span class='ocr_line' id='line_1_29' title="bbox 442 4076 1574 4162; baseline -0.006 -17"><span class='ocrx_word' id='word_1_237' title='bbox 442 4082 684 4162; x_wconf 77' lang='lat' dir='ltr'><strong>pugnaverunt.</strong></span> <span class='ocrx_word' id='word_1_238' title='bbox 709 4076 852 4143; x_wconf 81' lang='lat' dir='ltr'><strong>Currum</strong></span> <span class='ocrx_word' id='word_1_239' title='bbox 874 4097 948 4159; x_wconf 86' lang='lat' dir='ltr'><strong>erpo</strong></span> <span class='ocrx_word' id='word_1_240' title='bbox 970 4080 1097 4143; x_wconf 74' lang='lat' dir='ltr'><strong>stellorc</strong></span> <span class='ocrx_word' id='word_1_241' title='bbox 1120 4096 1194 4160; x_wconf 81' lang='lat' dir='ltr'><strong>erpo</strong></span> <span class='ocrx_word' id='word_1_242' title='bbox 1216 4089 1245 4142; x_wconf 90' lang='lat' dir='ltr'><strong>et</strong></span> <span class='ocrx_word' id='word_1_243' title='bbox 1266 4079 1406 4152; x_wconf 86' lang='lat' dir='ltr'><strong>coelum;</strong></span> <span class='ocrx_word' id='word_1_244' title='bbox 1431 4079 1465 4139; x_wconf 88' lang='lat' dir='ltr'><strong>iu</strong></span> <span class='ocrx_word' id='word_1_245' title='bbox 1490 4094 1574 4158; x_wconf 80' lang='lat' dir='ltr'><strong>quo,</strong></span> 
     </span>
     <span class='ocr_line' id='line_1_30' title="bbox 441 4191 1574 4275; baseline -0.004 -18"><span class='ocrx_word' id='word_1_246' title='bbox 441 4197 524 4257; x_wconf 88' lang='lat' dir='ltr'><strong>ricut</strong></span> <span class='ocrx_word' id='word_1_247' title='bbox 546 4195 656 4259; x_wconf 77' lang='lat' dir='ltr'><strong>maim</strong></span> <span class='ocrx_word' id='word_1_248' title='bbox 678 4197 713 4258; x_wconf 86' lang='lat' dir='ltr'><strong>in</strong></span> <span class='ocrx_word' id='word_1_249' title='bbox 735 4195 862 4271; x_wconf 89' lang='lat' dir='ltr'><strong>tabula,</strong></span> <span class='ocrx_word' id='word_1_250' title='bbox 886 4197 1007 4259; x_wconf 84' lang='lat' dir='ltr'><strong>iarum.</strong></span> <span class='ocrx_word' id='word_1_251' title='bbox 1045 4192 1124 4258; x_wconf 85' lang='lat' dir='ltr'><strong>Item</strong></span> <span class='ocrx_word' id='word_1_252' title='bbox 1156 4194 1256 4258; x_wconf 75' lang='lat' dir='ltr'><strong>Iudae</strong></span> <span class='ocrx_word' id='word_1_253' title='bbox 1284 4192 1443 4275; x_wconf 71' lang='lat' dir='ltr'><strong>apostolus</strong></span> <span class='ocrx_word' id='word_1_254' title='bbox 1467 4191 1574 4255; x_wconf 85' lang='lat' dir='ltr'><strong>sidera</strong></span> 
     </span>
     <span class='ocr_line' id='line_1_31' title="bbox 442 4307 1575 4391; baseline -0.006 -15"><span class='ocrx_word' id='word_1_255' title='bbox 442 4315 589 4378; x_wconf 88' lang='lat' dir='ltr'><strong>errantia</strong></span> <span class='ocrx_word' id='word_1_256' title='bbox 610 4315 762 4379; x_wconf 88' lang='lat' dir='ltr'><strong>nomiuot.</strong></span> <span class='ocrx_word' id='word_1_257' title='bbox 786 4311 956 4378; x_wconf 80' lang='lat' dir='ltr'><strong>Moventur</strong></span> <span class='ocrx_word' id='word_1_258' title='bbox 978 4328 1063 4391; x_wconf 86' lang='lat' dir='ltr'><strong>erpo.</strong></span> <span class='ocrx_word' id='word_1_259' title='bbox 1088 4312 1168 4375; x_wconf 88' lang='lat' dir='ltr'><strong>Item</strong></span> <span class='ocrx_word' id='word_1_260' title='bbox 1191 4313 1232 4376; x_wconf 96' lang='lat' dir='ltr'><strong>lll</strong></span> <span class='ocrx_word' id='word_1_261' title='bbox 1251 4307 1372 4375; x_wconf 74' lang='lat' dir='ltr'><strong>Budroe</strong></span> <span class='ocrx_word' id='word_1_262' title='bbox 1391 4310 1428 4372; x_wconf 82' lang='lat' dir='ltr'><strong>tl:</strong></span> <span class='ocrx_word' id='word_1_263' title='bbox 1453 4308 1575 4389; x_wconf 81' lang='lat' dir='ltr'><strong>Magna</strong></span> 
     </span>
    </p>
   </div>
   <div class='ocr_carea' id='block_1_5' title="bbox 442 4425 1681 4516">
    <p class='ocr_par' dir='ltr' id='par_1_9' title="bbox 442 4425 1681 4516">
     <span class='ocr_line' id='line_1_32' title="bbox 442 4425 1681 4516; baseline -0.006 -21"><span class='ocrx_word' id='word_1_264' title='bbox 442 4436 492 4495; x_wconf 81' lang='lat' dir='ltr'><strong>eat</strong></span> <span class='ocrx_word' id='word_1_265' title='bbox 514 4436 604 4495; x_wconf 89' lang='lat' dir='ltr'><strong>terra</strong></span> <span class='ocrx_word' id='word_1_266' title='bbox 626 4437 659 4496; x_wconf 89' lang='lat' dir='ltr'><strong>et</strong></span> <span class='ocrx_word' id='word_1_267' title='bbox 680 4432 849 4495; x_wconf 85' lang='lat' dir='ltr'><strong>excelsum</strong></span> <span class='ocrx_word' id='word_1_268' title='bbox 878 4435 927 4493; x_wconf 88' lang='lat' dir='ltr'><strong>est</strong></span> <span class='ocrx_word' id='word_1_269' title='bbox 955 4430 1108 4494; x_wconf 87' lang='lat' dir='ltr'><strong>coelum:</strong></span> <span class='ocrx_word' id='word_1_270' title='bbox 1142 4434 1175 4493; x_wconf 88' lang='lat' dir='ltr'><strong>et</strong></span> <span class='ocrx_word' id='word_1_271' title='bbox 1209 4429 1306 4494; x_wconf 80' lang='lat' dir='ltr'><strong>relax</strong></span> <span class='ocrx_word' id='word_1_272' title='bbox 1340 4443 1459 4490; x_wconf 89' lang='lat' dir='ltr'><strong>cnrsus</strong></span> <span class='ocrx_word' id='word_1_273' title='bbox 1496 4425 1574 4489; x_wconf 82' lang='lat' dir='ltr'><strong>solia</strong></span> <span class='ocrx_word' id='word_1_274' title='bbox 1678 4508 1681 4516; x_wconf 25' lang='grc' dir='ltr'>Ι</span> 
     </span>
    </p>
   </div>
   <div class='ocr_carea' id='block_1_6' title="bbox 439 4541 1575 4747">
    <p class='ocr_par' dir='ltr' id='par_1_10' title="bbox 439 4541 1575 4747">
     <span class='ocr_line' id='line_1_33' title="bbox 442 4541 1572 4631; baseline -0.001 -20"><span class='ocrx_word' id='word_1_275' title='bbox 442 4549 606 4613; x_wconf 85' lang='lat' dir='ltr'><strong>convertit</strong></span> <span class='ocrx_word' id='word_1_276' title='bbox 629 4550 665 4612; x_wconf 92' lang='lat' dir='ltr'><strong>in</strong></span> <span class='ocrx_word' id='word_1_277' title='bbox 688 4566 770 4631; x_wconf 82' lang='lat' dir='ltr'><strong>gyro</strong></span> <span class='ocrx_word' id='word_1_278' title='bbox 793 4547 923 4611; x_wconf 91' lang='lat' dir='ltr'><strong>coelum</strong></span> <span class='ocrx_word' id='word_1_279' title='bbox 943 4548 976 4610; x_wconf 90' lang='lat' dir='ltr'><strong>in</strong></span> <span class='ocrx_word' id='word_1_280' title='bbox 996 4547 1106 4611; x_wconf 92' lang='lat' dir='ltr'><strong>locum</strong></span> <span class='ocrx_word' id='word_1_281' title='bbox 1126 4564 1223 4610; x_wconf 87' lang='lat' dir='ltr'><strong>suum</strong></span> <span class='ocrx_word' id='word_1_282' title='bbox 1242 4546 1276 4609; x_wconf 91' lang='lat' dir='ltr'><strong>in</strong></span> <span class='ocrx_word' id='word_1_283' title='bbox 1295 4563 1361 4609; x_wconf 91' lang='lat' dir='ltr'><strong>una</strong></span> <span class='ocrx_word' id='word_1_284' title='bbox 1385 4546 1449 4609; x_wconf 89' lang='lat' dir='ltr'><strong>die.</strong></span> <span class='ocrx_word' id='word_1_285' title='bbox 1479 4541 1572 4621; x_wconf 84' lang='lat' dir='ltr'><strong>Qua·</strong></span> 
     </span>
     <span class='ocr_line' id='line_1_34' title="bbox 439 4663 1575 4747; baseline -0.003 -19"><span class='ocrx_word' id='word_1_286' title='bbox 439 4675 567 4747; x_wconf 86' lang='lat' dir='ltr'><strong>propter</strong></span> <span class='ocrx_word' id='word_1_287' title='bbox 591 4663 750 4732; x_wconf 76' lang='lat' dir='ltr'><strong>Galilaeae</strong></span> <span class='ocrx_word' id='word_1_288' title='bbox 774 4665 890 4731; x_wconf 85' lang='lat' dir='ltr'><strong>coelum</strong></span> <span class='ocrx_word' id='word_1_289' title='bbox 913 4665 1068 4730; x_wconf 80' lang='lat' dir='ltr'><strong>stellatum</strong></span> <span class='ocrx_word' id='word_1_290' title='bbox 1092 4664 1241 4728; x_wconf 89' lang='lat' dir='ltr'><strong>immobili</strong></span> <span class='ocrx_word' id='word_1_291' title='bbox 1272 4663 1436 4744; x_wconf 72' lang='lat' dir='ltr'><strong>tacieudo,</strong></span> <span class='ocrx_word' id='word_1_292' title='bbox 1471 4672 1575 4746; x_wconf 91' lang='lat' dir='ltr'><strong>operte</strong></span> 
     </span>
    </p>
   </div>
   <div class='ocr_carea' id='block_1_7' title="bbox 444 4783 1454 4956">
    <p class='ocr_par' dir='ltr' id='par_1_11' title="bbox 444 4783 1454 4956">
     <span class='ocr_line' id='line_1_35' title="bbox 444 4783 923 4869; baseline 0.002 -23"><span class='ocrx_word' id='word_1_293' title='bbox 444 4785 629 4850; x_wconf 82' lang='lat' dir='ltr'><strong>contradicit</strong></span> <span class='ocrx_word' id='word_1_294' title='bbox 652 4789 828 4869; x_wconf 76' lang='lat' dir='ltr'><strong>scripturae</strong></span> <span class='ocrx_word' id='word_1_295' title='bbox 854 4783 923 4848; x_wconf 85' lang='lat' dir='ltr'><strong>Dei.</strong></span> 
     </span>
     <span class='ocr_line' id='line_1_36' title="bbox 530 4897 1454 4956; baseline -0.001 -3"><span class='ocrx_word' id='word_1_296' title='bbox 530 4897 655 4954; x_wconf 79' lang='lat' dir='ltr'><strong>Gunneo</strong></span> <span class='ocrx_word' id='word_1_297' title='bbox 674 4899 791 4956; x_wconf 75' lang='lat' dir='ltr'><strong>Gentem</strong></span> <span class='ocrx_word' id='word_1_298' title='bbox 811 4932 834 4944; x_wconf 94' lang='lat'>-</span> <span class='ocrx_word' id='word_1_299' title='bbox 854 4900 884 4955; x_wconf 91' lang='lat' dir='ltr'><strong>T.</strong></span> <span class='ocrx_word' id='word_1_300' title='bbox 904 4901 937 4954; x_wconf 79' lang='lat' dir='ltr'><strong>V.</strong></span> <span class='ocrx_word' id='word_1_301' title='bbox 1420 4903 1454 4953; x_wconf 75' lang='grc'><strong>63</strong></span> 
     </span>
    </p>
   </div>
   <div class='ocr_carea' id='block_1_8' title="bbox 0 0 2060 5934">
    <p class='ocr_par' dir='ltr' id='par_1_12' title="bbox 0 0 2060 5934">
     <span class='ocr_line' id='line_1_37' title="bbox 0 0 2060 5934; baseline 0 1"><span class='ocrx_word' id='word_1_302' title='bbox 0 0 2060 5934; x_wconf 95' lang='lat' dir='ltr'><strong> </strong></span> 
     </span>
    </p>
   </div>
  </div>
 </body>
</html>
