<?xml version="1.0" encoding="UTF-8"?>
<!DOCTYPE html PUBLIC "-//W3C//DTD XHTML 1.0 Transitional//EN"
    "http://www.w3.org/TR/xhtml1/DTD/xhtml1-transitional.dtd">
<html xmlns="http://www.w3.org/1999/xhtml" xml:lang="en" lang="en">
 <head>
  <title>
</title>
<meta http-equiv="Content-Type" content="text/html;charset=utf-8" />
  <meta name='ocr-system' content='tesseract 3.04.00' />
  <meta name='ocr-capabilities' content='ocr_page ocr_carea ocr_par ocr_line ocrx_word'/>
</head>
<body>
  <div class='ocr_page' id='page_1' title='image "./leoperedigalile01vivigoog_0667.png"; bbox 0 0 4109 5934; ppageno 0'>
   <div class='ocr_carea' id='block_1_1' title="bbox 444 724 1145 787">
    <p class='ocr_par' dir='ltr' id='par_1_1' title="bbox 444 724 1145 787">
     <span class='ocr_line' id='line_1_1' title="bbox 444 724 1145 787; baseline -0.01 0"><span class='ocrx_word' id='word_1_1' title='bbox 444 724 508 787; x_wconf 76' lang='lat'><em>620</em></span> <span class='ocrx_word' id='word_1_2' title='bbox 863 735 984 781; x_wconf 76' lang='lat' dir='ltr'><em>somnis</em></span> <span class='ocrx_word' id='word_1_3' title='bbox 1013 735 1145 781; x_wconf 74' lang='lat' dir='ltr'><em>anisnis</em></span> 
     </span>
    </p>
   </div>
   <div class='ocr_carea' id='block_1_2' title="bbox 440 842 1595 4725">
    <p class='ocr_par' dir='ltr' id='par_1_2' title="bbox 440 842 1585 2476">
     <span class='ocr_line' id='line_1_2' title="bbox 443 842 1579 951; baseline -0.002 -19"><span class='ocrx_word' id='word_1_4' title='bbox 443 871 582 951; x_wconf 79' lang='lat' dir='ltr'><strong>gratiam</strong></span> <span class='ocrx_word' id='word_1_5' title='bbox 606 873 638 930; x_wconf 86' lang='lat' dir='ltr'><em>ot</em></span> <span class='ocrx_word' id='word_1_6' title='bbox 661 842 857 931; x_wconf 80' lang='lat' dir='ltr'><em>beneficium</em></span> <span class='ocrx_word' id='word_1_7' title='bbox 881 865 986 940; x_wconf 88' lang='lat' dir='ltr'><em>illud,</em></span> <span class='ocrx_word' id='word_1_8' title='bbox 1009 865 1097 946; x_wconf 91' lang='lat' dir='ltr'><em>quod</em></span> <span class='ocrx_word' id='word_1_9' title='bbox 1121 883 1141 927; x_wconf 86' lang='lat' dir='ltr'><em>a</em></span> <span class='ocrx_word' id='word_1_10' title='bbox 1163 866 1409 945; x_wconf 74' lang='lat' dir='ltr'>supernaturali</span> <span class='ocrx_word' id='word_1_11' title='bbox 1433 866 1579 938; x_wconf 87' lang='lat' dir='ltr'><em>lumine,</em></span> 
     </span>
     <span class='ocr_line' id='line_1_3' title="bbox 441 971 1572 1067; baseline -0.003 -17"><span class='ocrx_word' id='word_1_12' title='bbox 441 987 484 1050; x_wconf 84' lang='lat' dir='ltr'><em>ad</em></span> <span class='ocrx_word' id='word_1_13' title='bbox 505 985 712 1067; x_wconf 88' lang='lat' dir='ltr'><em>philosophos</em></span> <span class='ocrx_word' id='word_1_14' title='bbox 734 984 856 1058; x_wconf 82' lang='lat' dir='ltr'><em>redeat,</em></span> <span class='ocrx_word' id='word_1_15' title='bbox 879 983 1019 1047; x_wconf 78' lang='lat' dir='ltr'>obtineri</span> <span class='ocrx_word' id='word_1_16' title='bbox 1044 983 1187 1064; x_wconf 86' lang='lat' dir='ltr'><em>potuisse</em></span> <span class='ocrx_word' id='word_1_17' title='bbox 1206 999 1226 1043; x_wconf 81' lang='lat' dir='ltr'><em>a</em></span> <span class='ocrx_word' id='word_1_18' title='bbox 1244 971 1433 1046; x_wconf 81' lang='lat' dir='ltr'><em>rationibus</em></span> <span class='ocrx_word' id='word_1_19' title='bbox 1449 984 1500 1048; x_wconf 82' lang='lat' dir='ltr'><em>vel</em></span> <span class='ocrx_word' id='word_1_20' title='bbox 1514 1002 1572 1047; x_wconf 85' lang='lat' dir='ltr'><em>ex-</em></span> 
     </span>
     <span class='ocr_line' id='line_1_4' title="bbox 440 1099 1572 1192; baseline -0.004 -26"><span class='ocrx_word' id='word_1_21' title='bbox 440 1103 596 1184; x_wconf 84' lang='lat' dir='ltr'><em>perientia</em></span> <span class='ocrx_word' id='word_1_22' title='bbox 621 1102 808 1183; x_wconf 85' lang='lat' dir='ltr'><em>Tyohonis;</em></span> <span class='ocrx_word' id='word_1_23' title='bbox 830 1106 868 1164; x_wconf 91' lang='lat' dir='ltr'><em>ut</em></span> <span class='ocrx_word' id='word_1_24' title='bbox 890 1100 1016 1164; x_wconf 88' lang='lat' dir='ltr'><em>scilicet</em></span> <span class='ocrx_word' id='word_1_25' title='bbox 1036 1099 1196 1171; x_wconf 89' lang='lat' dir='ltr'><em>viderent,</em></span> <span class='ocrx_word' id='word_1_26' title='bbox 1219 1115 1254 1192; x_wconf 80' lang='lat' dir='ltr'><em>se</em></span> <span class='ocrx_word' id='word_1_27' title='bbox 1275 1115 1389 1162; x_wconf 82' lang='lat' dir='ltr'><em>errare</em></span> <span class='ocrx_word' id='word_1_28' title='bbox 1412 1116 1492 1162; x_wconf 86' lang='lat' dir='ltr'><em>curn</em></span> <span class='ocrx_word' id='word_1_29' title='bbox 1511 1099 1572 1166; x_wconf 81' lang='lat' dir='ltr'><em>(lo-</em></span> 
     </span>
     <span class='ocr_line' id='line_1_5' title="bbox 440 1213 1573 1302; baseline -0.007 -17"><span class='ocrx_word' id='word_1_30' title='bbox 440 1222 582 1302; x_wconf 86' lang='lat' dir='ltr'><em>pornico.</em></span> <span class='ocrx_word' id='word_1_31' title='bbox 605 1218 677 1284; x_wconf 85' lang='lat' dir='ltr'><em>Noa</em></span> <span class='ocrx_word' id='word_1_32' title='bbox 697 1237 824 1302; x_wconf 82' lang='lat' dir='ltr'><em>possam</em></span> <span class='ocrx_word' id='word_1_33' title='bbox 844 1220 957 1301; x_wconf 67' lang='lat' dir='ltr'><em>faeere,</em></span> <span class='ocrx_word' id='word_1_34' title='bbox 981 1217 1059 1299; x_wconf 83' lang='lat' dir='ltr'><em>quia</em></span> <span class='ocrx_word' id='word_1_35' title='bbox 1085 1213 1225 1282; x_wconf 79' lang='lat' dir='ltr'><em>Galilaeo</em></span> <span class='ocrx_word' id='word_1_36' title='bbox 1242 1234 1347 1279; x_wconf 82' lang='lat' dir='ltr'><em>meam</em></span> <span class='ocrx_word' id='word_1_37' title='bbox 1370 1216 1423 1279; x_wconf 80' lang='lat' dir='ltr'><em>liis</em></span> <span class='ocrx_word' id='word_1_38' title='bbox 1447 1234 1573 1279; x_wconf 74' lang='lat' dir='ltr'><em>coomn-</em></span> 
     </span>
     <span class='ocr_line' id='line_1_6' title="bbox 440 1332 1576 1421; baseline -0.004 -19"><span class='ocrx_word' id='word_1_39' title='bbox 440 1357 511 1402; x_wconf 79' lang='lat' dir='ltr'><em>sum</em></span> <span class='ocrx_word' id='word_1_40' title='bbox 531 1340 649 1421; x_wconf 77' lang='lat' dir='ltr'><em>sociam</em></span> <span class='ocrx_word' id='word_1_41' title='bbox 673 1347 842 1409; x_wconf 75' lang='lat' dir='ltr'><em>testatam:</em></span> <span class='ocrx_word' id='word_1_42' title='bbox 869 1336 948 1418; x_wconf 82' lang='lat' dir='ltr'><em>quio</em></span> <span class='ocrx_word' id='word_1_43' title='bbox 971 1337 1033 1398; x_wconf 88' lang='lat' dir='ltr'><em>imo</em></span> <span class='ocrx_word' id='word_1_44' title='bbox 1056 1352 1185 1411; x_wconf 83' lang='lat' dir='ltr'><em>censeo,</em></span> <span class='ocrx_word' id='word_1_45' title='bbox 1220 1332 1340 1416; x_wconf 82' lang='lat' dir='ltr'><em>Tpeooi</em></span> <span class='ocrx_word' id='word_1_46' title='bbox 1362 1335 1428 1417; x_wconf 89' lang='lat' dir='ltr'><em>ipsi</em></span> <span class='ocrx_word' id='word_1_47' title='bbox 1451 1333 1576 1398; x_wconf 83' lang='lat' dir='ltr'><em>laminis</em></span> 
     </span>
     <span class='ocr_line' id='line_1_7' title="bbox 441 1452 1580 1537; baseline -0.001 -20"><span class='ocrx_word' id='word_1_48' title='bbox 441 1456 522 1519; x_wconf 84' lang='lat' dir='ltr'><em>iliius</em></span> <span class='ocrx_word' id='word_1_49' title='bbox 555 1455 805 1537; x_wconf 81' lang='lat' dir='ltr'><em>supernaturalis</em></span> <span class='ocrx_word' id='word_1_50' title='bbox 829 1452 1065 1537; x_wconf 78' lang='lat' dir='ltr'><em>aliquantulam</em></span> <span class='ocrx_word' id='word_1_51' title='bbox 1081 1470 1142 1535; x_wconf 90' lang='lat' dir='ltr'><em>per</em></span> <span class='ocrx_word' id='word_1_52' title='bbox 1164 1453 1314 1517; x_wconf 80' lang='lat' dir='ltr'><em>rimulam</em></span> <span class='ocrx_word' id='word_1_53' title='bbox 1336 1461 1514 1534; x_wconf 72' lang='lat' dir='ltr'><em>aspasiam</em></span> <span class='ocrx_word' id='word_1_54' title='bbox 1536 1454 1580 1516; x_wconf 87' lang='lat' dir='ltr'><em>ir·</em></span> 
     </span>
     <span class='ocr_line' id='line_1_8' title="bbox 441 1569 1582 1654; baseline -0.004 -18"><span class='ocrx_word' id='word_1_55' title='bbox 441 1573 590 1647; x_wconf 79' lang='lat' dir='ltr'><em>radiasse,</em></span> <span class='ocrx_word' id='word_1_56' title='bbox 614 1575 706 1654; x_wconf 71' lang='lat' dir='ltr'><em>caios</em></span> <span class='ocrx_word' id='word_1_57' title='bbox 731 1573 779 1634; x_wconf 88' lang='lat' dir='ltr'><em>ille</em></span> <span class='ocrx_word' id='word_1_58' title='bbox 802 1572 898 1635; x_wconf 80' lang='lat' dir='ltr'><em>dacto</em></span> <span class='ocrx_word' id='word_1_59' title='bbox 921 1571 1080 1654; x_wconf 73' lang='lat' dir='ltr'><em>reflexerit</em></span> <span class='ocrx_word' id='word_1_60' title='bbox 1104 1570 1209 1634; x_wconf 79' lang='lat' dir='ltr'><em>oeulos</em></span> <span class='ocrx_word' id='word_1_61' title='bbox 1231 1570 1271 1634; x_wconf 82' lang='lat' dir='ltr'><em>ab</em></span> <span class='ocrx_word' id='word_1_62' title='bbox 1294 1572 1353 1633; x_wconf 80' lang='lat' dir='ltr'><em>tar</em></span> <span class='ocrx_word' id='word_1_63' title='bbox 1377 1569 1479 1635; x_wconf 84' lang='lat' dir='ltr'><em>oriali</em></span> <span class='ocrx_word' id='word_1_64' title='bbox 1496 1570 1582 1635; x_wconf 87' lang='lat' dir='ltr'><em>stella</em></span> 
     </span>
     <span class='ocr_line' id='line_1_9' title="bbox 441 1687 1585 1771; baseline -0.003 -18"><span class='ocrx_word' id='word_1_65' title='bbox 441 1690 615 1754; x_wconf 81' lang='lat' dir='ltr'><em>clarissima</em></span> <span class='ocrx_word' id='word_1_66' title='bbox 636 1691 814 1771; x_wconf 70' lang='lat' dir='ltr'><em>systematis</em></span> <span class='ocrx_word' id='word_1_67' title='bbox 831 1688 1040 1770; x_wconf 83' lang='lat' dir='ltr'><em>Coperoieoai</em></span> <span class='ocrx_word' id='word_1_68' title='bbox 1062 1687 1104 1750; x_wconf 80' lang='lat' dir='ltr'><em>aa</em></span> <span class='ocrx_word' id='word_1_69' title='bbox 1127 1696 1264 1769; x_wconf 73' lang='lat' dir='ltr'><em>systema</em></span> <span class='ocrx_word' id='word_1_70' title='bbox 1285 1704 1381 1750; x_wconf 80' lang='lat' dir='ltr'><em>sarim</em></span> <span class='ocrx_word' id='word_1_71' title='bbox 1403 1687 1585 1768; x_wconf 82' lang='lat' dir='ltr'><em>propriam,</em></span> 
     </span>
     <span class='ocr_line' id='line_1_10' title="bbox 443 1802 1584 1886; baseline -0.002 -15"><span class='ocrx_word' id='word_1_72' title='bbox 443 1810 498 1871; x_wconf 84' lang='lat' dir='ltr'><em>lroe</em></span> <span class='ocrx_word' id='word_1_73' title='bbox 520 1816 585 1878; x_wconf 91' lang='lat' dir='ltr'><em>est,</em></span> <span class='ocrx_word' id='word_1_74' title='bbox 611 1805 881 1886; x_wconf 70' lang='lat' dir='ltr'><em>recompensam</em></span> <span class='ocrx_word' id='word_1_75' title='bbox 915 1823 956 1867; x_wconf 77' lang='lat' dir='ltr'><em>em</em></span> <span class='ocrx_word' id='word_1_76' title='bbox 991 1802 1205 1885; x_wconf 82' lang='lat' dir='ltr'><em>Coperrrieano</em></span> <span class='ocrx_word' id='word_1_77' title='bbox 1227 1813 1256 1867; x_wconf 89' lang='lat' dir='ltr'><em>et</em></span> <span class='ocrx_word' id='word_1_78' title='bbox 1281 1802 1485 1868; x_wconf 81' lang='lat' dir='ltr'><em>Ptolemaios.</em></span> <span class='ocrx_word' id='word_1_79' title='bbox 1516 1803 1584 1869; x_wconf 83' lang='lat' dir='ltr'><em>Hos</em></span> 
     </span>
     <span class='ocr_line' id='line_1_11' title="bbox 443 1920 1585 2005; baseline 0 -19"><span class='ocrx_word' id='word_1_80' title='bbox 443 1925 543 2005; x_wconf 78' lang='lat' dir='ltr'><em>ipitar</em></span> <span class='ocrx_word' id='word_1_81' title='bbox 565 1922 600 1986; x_wconf 81' lang='lat' dir='ltr'><em>de</em></span> <span class='ocrx_word' id='word_1_82' title='bbox 627 1920 771 2005; x_wconf 80' lang='lat' dir='ltr'><em>Ypelone</em></span> <span class='ocrx_word' id='word_1_83' title='bbox 797 1922 942 1996; x_wconf 85' lang='lat' dir='ltr'><em>eredere,</em></span> <span class='ocrx_word' id='word_1_84' title='bbox 965 1922 1004 1983; x_wconf 88' lang='lat' dir='ltr'><em>iis</em></span> <span class='ocrx_word' id='word_1_85' title='bbox 1029 1921 1175 2004; x_wconf 78' lang='lat' dir='ltr'><em>expedit,</em></span> <span class='ocrx_word' id='word_1_86' title='bbox 1199 1922 1256 2004; x_wconf 80' lang='lat' dir='ltr'><em>poi</em></span> <span class='ocrx_word' id='word_1_87' title='bbox 1278 1922 1465 2004; x_wconf 71' lang='lat' dir='ltr'><em>hypotheses</em></span> <span class='ocrx_word' id='word_1_88' title='bbox 1500 1922 1585 1986; x_wconf 78' lang='lat' dir='ltr'><em>iilius</em></span> 
     </span>
     <span class='ocr_line' id='line_1_12' title="bbox 443 2037 1585 2123; baseline -0.002 -19"><span class='ocrx_word' id='word_1_89' title='bbox 443 2043 531 2122; x_wconf 82' lang='lat' dir='ltr'><em>sequi</em></span> <span class='ocrx_word' id='word_1_90' title='bbox 553 2041 685 2104; x_wconf 84' lang='lat' dir='ltr'><em>malunt.</em></span> <span class='ocrx_word' id='word_1_91' title='bbox 709 2037 751 2103; x_wconf 82' lang='lat' dir='ltr'><em>At</em></span> <span class='ocrx_word' id='word_1_92' title='bbox 775 2040 831 2122; x_wconf 80' lang='lat' dir='ltr'><em>qai</em></span> <span class='ocrx_word' id='word_1_93' title='bbox 852 2047 926 2101; x_wconf 77' lang='lat' dir='ltr'><em>simi</em></span> <span class='ocrx_word' id='word_1_94' title='bbox 949 2039 1046 2107; x_wconf 11' lang='lat' dir='ltr'><em>alsatis</em></span> <span class='ocrx_word' id='word_1_95' title='bbox 1068 2039 1164 2121; x_wconf 82' lang='lat' dir='ltr'><em>paolo</em></span> <span class='ocrx_word' id='word_1_96' title='bbox 1185 2039 1403 2123; x_wconf 73' lang='lat' dir='ltr'><em>prseteritos,</em></span> <span class='ocrx_word' id='word_1_97' title='bbox 1432 2040 1492 2102; x_wconf 83' lang='lat' dir='ltr'><em>iilis</em></span> <span class='ocrx_word' id='word_1_98' title='bbox 1520 2059 1585 2104; x_wconf 75' lang='lat' dir='ltr'><em>aar·</em></span> 
     </span>
     <span class='ocr_line' id='line_1_13' title="bbox 443 2155 1581 2239; baseline 0.002 -19"><span class='ocrx_word' id='word_1_99' title='bbox 443 2161 551 2222; x_wconf 87' lang='lat' dir='ltr'><em>statim</em></span> <span class='ocrx_word' id='word_1_100' title='bbox 572 2159 614 2222; x_wconf 82' lang='lat' dir='ltr'><em>ad</em></span> <span class='ocrx_word' id='word_1_101' title='bbox 631 2158 772 2239; x_wconf 86' lang='lat' dir='ltr'><em>primum</em></span> <span class='ocrx_word' id='word_1_102' title='bbox 794 2155 876 2221; x_wconf 89' lang='lat' dir='ltr'><em>Solis</em></span> <span class='ocrx_word' id='word_1_103' title='bbox 900 2165 1047 2220; x_wconf 76' lang='lat' dir='ltr'><em>exortam</em></span> <span class='ocrx_word' id='word_1_104' title='bbox 1071 2168 1262 2222; x_wconf 79' lang='lat' dir='ltr'><em>evanescunt</em></span> <span class='ocrx_word' id='word_1_105' title='bbox 1296 2158 1408 2222; x_wconf 82' lang='lat' dir='ltr'><em>sidera</em></span> <span class='ocrx_word' id='word_1_106' title='bbox 1438 2166 1581 2229; x_wconf 73' lang='lat' dir='ltr'><em>metesa,</em></span> 
     </span>
     <span class='ocr_line' id='line_1_14' title="bbox 443 2275 1583 2361; baseline -0.003 -20"><span class='ocrx_word' id='word_1_107' title='bbox 443 2281 628 2359; x_wconf 85' lang='lat' dir='ltr'><em>praesertim</em></span> <span class='ocrx_word' id='word_1_108' title='bbox 649 2277 677 2341; x_wconf 87' lang='lat' dir='ltr'><em>si</em></span> <span class='ocrx_word' id='word_1_109' title='bbox 698 2277 828 2341; x_wconf 77' lang='lat' dir='ltr'><em>seorsim</em></span> <span class='ocrx_word' id='word_1_110' title='bbox 850 2277 948 2349; x_wconf 83' lang='lat' dir='ltr'><em>illam,</em></span> <span class='ocrx_word' id='word_1_111' title='bbox 971 2277 1100 2340; x_wconf 84' lang='lat' dir='ltr'><em>seorsim</em></span> <span class='ocrx_word' id='word_1_112' title='bbox 1122 2276 1194 2352; x_wconf 87' lang='lat' dir='ltr'><em>ista,</em></span> <span class='ocrx_word' id='word_1_113' title='bbox 1216 2295 1276 2340; x_wconf 84' lang='lat' dir='ltr'><em>saa</em></span> <span class='ocrx_word' id='word_1_114' title='bbox 1298 2275 1444 2361; x_wconf 60' lang='lat' dir='ltr'><em>quodque</em></span> <span class='ocrx_word' id='word_1_115' title='bbox 1465 2277 1499 2339; x_wconf 83' lang='lat' dir='ltr'><em>ia</em></span> <span class='ocrx_word' id='word_1_116' title='bbox 1526 2293 1583 2338; x_wconf 87' lang='lat' dir='ltr'><em>re-</em></span> 
     </span>
     <span class='ocr_line' id='line_1_15' title="bbox 444 2365 1408 2476; baseline 0.001 -18"><span class='ocrx_word' id='word_1_117' title='bbox 444 2396 534 2476; x_wconf 80' lang='lat' dir='ltr'><em>pione</em></span> <span class='ocrx_word' id='word_1_118' title='bbox 557 2406 585 2459; x_wconf 91' lang='lat' dir='ltr'><em>et</em></span> <span class='ocrx_word' id='word_1_119' title='bbox 608 2396 701 2476; x_wconf 84' lang='lat' dir='ltr'><em>plapo</em></span> <span class='ocrx_word' id='word_1_120' title='bbox 724 2403 945 2461; x_wconf 79' lang='lat' dir='ltr'><em>contueantur.</em></span> <span class='ocrx_word' id='word_1_121' title='bbox 1185 2457 1191 2473; x_wconf 73' lang='grc'><strong><em>,</em></strong></span> <span class='ocrx_word' id='word_1_122' title='bbox 1404 2365 1408 2403; x_wconf 60' lang='lat'>³</span> 
     </span>
    </p>

    <p class='ocr_par' dir='ltr' id='par_1_3' title="bbox 444 2509 1595 4366">
     <span class='ocr_line' id='line_1_16' title="bbox 533 2509 1585 2596; baseline -0.003 -17"><span class='ocrx_word' id='word_1_123' title='bbox 533 2514 565 2579; x_wconf 81' lang='lat'><em>9.</em></span> <span class='ocrx_word' id='word_1_124' title='bbox 589 2512 658 2578; x_wconf 85' lang='lat' dir='ltr'><em>Fol.</em></span> <span class='ocrx_word' id='word_1_125' title='bbox 683 2513 757 2577; x_wconf 82' lang='lat'><strong>179.</strong></span> <span class='ocrx_word' id='word_1_126' title='bbox 779 2510 826 2575; x_wconf 88' lang='lat' dir='ltr'><em>Ds</em></span> <span class='ocrx_word' id='word_1_127' title='bbox 849 2511 961 2577; x_wconf 88' lang='lat' dir='ltr'><em>Sarsio</em></span> <span class='ocrx_word' id='word_1_128' title='bbox 983 2515 1117 2596; x_wconf 75' lang='lat' dir='ltr'><em>offirorat</em></span> <span class='ocrx_word' id='word_1_129' title='bbox 1143 2509 1313 2588; x_wconf 79' lang='lat' dir='ltr'><em>Galilaeas,</em></span> <span class='ocrx_word' id='word_1_130' title='bbox 1327 2512 1431 2594; x_wconf 87' lang='lat' dir='ltr'><em>quod,</em></span> <span class='ocrx_word' id='word_1_131' title='bbox 1449 2512 1585 2577; x_wconf 85' lang='lat' dir='ltr'><em>dimisso</em></span> 
     </span>
     <span class='ocr_line' id='line_1_17' title="bbox 445 2631 1586 2714; baseline -0.001 -18"><span class='ocrx_word' id='word_1_132' title='bbox 445 2633 628 2704; x_wconf 83' lang='lat' dir='ltr'><em>Aristotele,</em></span> <span class='ocrx_word' id='word_1_133' title='bbox 654 2633 789 2696; x_wconf 87' lang='lat' dir='ltr'><em>inclinet</em></span> <span class='ocrx_word' id='word_1_134' title='bbox 812 2634 846 2695; x_wconf 95' lang='lat' dir='ltr'><em>in</em></span> <span class='ocrx_word' id='word_1_135' title='bbox 868 2633 1058 2713; x_wconf 84' lang='lat' dir='ltr'><em>opinionem</em></span> <span class='ocrx_word' id='word_1_136' title='bbox 1081 2633 1226 2714; x_wconf 84' lang='lat' dir='ltr'><em>Kepleri,</em></span> <span class='ocrx_word' id='word_1_137' title='bbox 1241 2632 1330 2714; x_wconf 86' lang='lat' dir='ltr'><em>quod</em></span> <span class='ocrx_word' id='word_1_138' title='bbox 1345 2631 1487 2698; x_wconf 86' lang='lat' dir='ltr'><em>Cometa</em></span> <span class='ocrx_word' id='word_1_139' title='bbox 1509 2649 1586 2713; x_wconf 87' lang='lat' dir='ltr'><em>pos-</em></span> 
     </span>
     <span class='ocr_line' id='line_1_18' title="bbox 446 2748 1589 2832; baseline -0.001 -17"><span class='ocrx_word' id='word_1_140' title='bbox 446 2751 489 2815; x_wconf 91' lang='lat' dir='ltr'><em>sit</em></span> <span class='ocrx_word' id='word_1_141' title='bbox 510 2767 580 2813; x_wconf 86' lang='lat' dir='ltr'><em>esse</em></span> <span class='ocrx_word' id='word_1_142' title='bbox 602 2750 746 2813; x_wconf 82' lang='lat' dir='ltr'><em>reflexio.</em></span> <span class='ocrx_word' id='word_1_143' title='bbox 772 2748 909 2814; x_wconf 81' lang='lat' dir='ltr'><em>Obscum</em></span> <span class='ocrx_word' id='word_1_144' title='bbox 933 2752 969 2814; x_wconf 85' lang='lat' dir='ltr'><em>de</em></span> <span class='ocrx_word' id='word_1_145' title='bbox 992 2770 1063 2815; x_wconf 89' lang='lat' dir='ltr'><em>meo</em></span> <span class='ocrx_word' id='word_1_146' title='bbox 1085 2752 1254 2832; x_wconf 69' lang='lat' dir='ltr'><em>opiniones</em></span> <span class='ocrx_word' id='word_1_147' title='bbox 1276 2751 1351 2814; x_wconf 88' lang='lat' dir='ltr'><em>mite</em></span> <span class='ocrx_word' id='word_1_148' title='bbox 1381 2759 1490 2814; x_wconf 78' lang='lat' dir='ltr'><em>tamen</em></span> <span class='ocrx_word' id='word_1_149' title='bbox 1514 2768 1589 2814; x_wconf 84' lang='lat' dir='ltr'><em>oer-</em></span> 
     </span>
     <span class='ocr_line' id='line_1_19' title="bbox 447 2865 1590 2949; baseline 0.001 -20"><span class='ocrx_word' id='word_1_150' title='bbox 447 2867 529 2939; x_wconf 80' lang='lat' dir='ltr'><em>Imm,</em></span> <span class='ocrx_word' id='word_1_151' title='bbox 553 2865 641 2946; x_wconf 88' lang='lat' dir='ltr'><em>qaod</em></span> <span class='ocrx_word' id='word_1_152' title='bbox 664 2868 765 2948; x_wconf 91' lang='lat' dir='ltr'><em>possit</em></span> <span class='ocrx_word' id='word_1_153' title='bbox 788 2884 868 2930; x_wconf 89' lang='lat' dir='ltr'><em>esse.</em></span> <span class='ocrx_word' id='word_1_154' title='bbox 895 2867 934 2931; x_wconf 84' lang='lat' dir='ltr'><em>la</em></span> <span class='ocrx_word' id='word_1_155' title='bbox 957 2869 1066 2949; x_wconf 86' lang='lat' dir='ltr'><em>optieis</em></span> <span class='ocrx_word' id='word_1_156' title='bbox 1082 2876 1156 2932; x_wconf 82' lang='lat' dir='ltr'><em>ante</em></span> <span class='ocrx_word' id='word_1_157' title='bbox 1175 2867 1219 2931; x_wconf 80' lang='lat'><em>20</em></span> <span class='ocrx_word' id='word_1_158' title='bbox 1237 2885 1340 2933; x_wconf 83' lang='lat' dir='ltr'><em>annos</em></span> <span class='ocrx_word' id='word_1_159' title='bbox 1357 2867 1452 2932; x_wconf 78' lang='lat' dir='ltr'><em>docui</em></span> <span class='ocrx_word' id='word_1_160' title='bbox 1477 2867 1590 2931; x_wconf 82' lang='lat' dir='ltr'><em>Come-</em></span> 
     </span>
     <span class='ocr_line' id='line_1_20' title="bbox 447 2983 1590 3066; baseline 0 -20"><span class='ocrx_word' id='word_1_161' title='bbox 447 2991 522 3057; x_wconf 88' lang='lat' dir='ltr'><em>tom,</em></span> <span class='ocrx_word' id='word_1_162' title='bbox 547 2984 645 3047; x_wconf 81' lang='lat' dir='ltr'><em>animi</em></span> <span class='ocrx_word' id='word_1_163' title='bbox 667 2985 786 3064; x_wconf 83' lang='lat' dir='ltr'><em>pratia,</em></span> <span class='ocrx_word' id='word_1_164' title='bbox 810 2993 1046 3065; x_wconf 84' lang='lat' dir='ltr'><em>repraesentare</em></span> <span class='ocrx_word' id='word_1_165' title='bbox 1075 2985 1109 3046; x_wconf 84' lang='lat' dir='ltr'><em>ia</em></span> <span class='ocrx_word' id='word_1_166' title='bbox 1132 2986 1277 3065; x_wconf 83' lang='lat' dir='ltr'><em>pariete:</em></span> <span class='ocrx_word' id='word_1_167' title='bbox 1299 2994 1396 3066; x_wconf 82' lang='lat' dir='ltr'><em>atqas</em></span> <span class='ocrx_word' id='word_1_168' title='bbox 1419 2983 1453 3048; x_wconf 81' lang='lat' dir='ltr'><em>id</em></span> <span class='ocrx_word' id='word_1_169' title='bbox 1471 2986 1508 3065; x_wconf 74' lang='lat' dir='ltr'><em>fit</em></span> <span class='ocrx_word' id='word_1_170' title='bbox 1525 3001 1590 3063; x_wconf 86' lang='lat' dir='ltr'><em>per</em></span> 
     </span>
     <span class='ocr_line' id='line_1_21' title="bbox 445 3101 1584 3186; baseline 0.004 -21"><span class='ocrx_word' id='word_1_171' title='bbox 445 3120 566 3166; x_wconf 88' lang='lat' dir='ltr'><em>meram</em></span> <span class='ocrx_word' id='word_1_172' title='bbox 588 3102 788 3185; x_wconf 74' lang='lat' dir='ltr'><em>reflexionem</em></span> <span class='ocrx_word' id='word_1_173' title='bbox 809 3121 830 3166; x_wconf 91' lang='lat' dir='ltr'><em>o</em></span> <span class='ocrx_word' id='word_1_174' title='bbox 851 3101 938 3184; x_wconf 79' lang='lat' dir='ltr'><em>piabo</em></span> <span class='ocrx_word' id='word_1_175' title='bbox 959 3103 1060 3166; x_wconf 82' lang='lat' dir='ltr'><em>vitreo</em></span> <span class='ocrx_word' id='word_1_176' title='bbox 1081 3103 1129 3166; x_wconf 83' lang='lat' dir='ltr'><em>ael</em></span> <span class='ocrx_word' id='word_1_177' title='bbox 1149 3103 1255 3179; x_wconf 84' lang='lat' dir='ltr'><em>solido,</em></span> <span class='ocrx_word' id='word_1_178' title='bbox 1278 3102 1326 3167; x_wconf 87' lang='lat' dir='ltr'><em>ael</em></span> <span class='ocrx_word' id='word_1_179' title='bbox 1347 3119 1435 3186; x_wconf 80' lang='lat' dir='ltr'><em>aqua</em></span> <span class='ocrx_word' id='word_1_180' title='bbox 1455 3101 1584 3183; x_wconf 81' lang='lat' dir='ltr'><em>repleto.</em></span> 
     </span>
     <span class='ocr_line' id='line_1_22' title="bbox 447 3218 1591 3301; baseline -0.002 -17"><span class='ocrx_word' id='word_1_181' title='bbox 447 3221 489 3284; x_wconf 82' lang='lat' dir='ltr'><em>ad</em></span> <span class='ocrx_word' id='word_1_182' title='bbox 506 3221 658 3301; x_wconf 88' lang='lat' dir='ltr'><em>parietem</em></span> <span class='ocrx_word' id='word_1_183' title='bbox 681 3218 786 3283; x_wconf 82' lang='lat' dir='ltr'><em>albam</em></span> <span class='ocrx_word' id='word_1_184' title='bbox 809 3221 842 3282; x_wconf 83' lang='lat' dir='ltr'><em>ia</em></span> <span class='ocrx_word' id='word_1_185' title='bbox 866 3237 991 3284; x_wconf 84' lang='lat' dir='ltr'><em>ramera</em></span> <span class='ocrx_word' id='word_1_186' title='bbox 1015 3221 1161 3285; x_wconf 80' lang='lat' dir='ltr'><em>conclusa</em></span> <span class='ocrx_word' id='word_1_187' title='bbox 1185 3220 1375 3293; x_wconf 84' lang='lat' dir='ltr'><em>latitantem,</em></span> <span class='ocrx_word' id='word_1_188' title='bbox 1399 3223 1446 3284; x_wconf 87' lang='lat' dir='ltr'><em>sie</em></span> <span class='ocrx_word' id='word_1_189' title='bbox 1469 3228 1505 3284; x_wconf 87' lang='lat' dir='ltr'><em>at</em></span> <span class='ocrx_word' id='word_1_190' title='bbox 1531 3220 1591 3283; x_wconf 76' lang='lat' dir='ltr'><em>loa</em></span> 
     </span>
     <span class='ocr_line' id='line_1_23' title="bbox 449 3336 1593 3420; baseline 0.003 -21"><span class='ocrx_word' id='word_1_191' title='bbox 449 3336 530 3400; x_wconf 84' lang='lat' dir='ltr'><em>Solis</em></span> <span class='ocrx_word' id='word_1_192' title='bbox 551 3339 761 3418; x_wconf 74' lang='lat' dir='ltr'><em>pernitiosam</em></span> <span class='ocrx_word' id='word_1_193' title='bbox 786 3339 877 3419; x_wconf 78' lang='lat' dir='ltr'><em>idque</em></span> <span class='ocrx_word' id='word_1_194' title='bbox 901 3340 1163 3418; x_wconf 82' lang='lat' dir='ltr'><em>anpostissimum</em></span> <span class='ocrx_word' id='word_1_195' title='bbox 1186 3341 1329 3420; x_wconf 75' lang='lat' dir='ltr'><em>foramen</em></span> <span class='ocrx_word' id='word_1_196' title='bbox 1353 3340 1501 3414; x_wconf 80' lang='lat' dir='ltr'><em>irradiet,</em></span> <span class='ocrx_word' id='word_1_197' title='bbox 1520 3358 1593 3420; x_wconf 92' lang='lat' dir='ltr'><em>spe·</em></span> 
     </span>
     <span class='ocr_line' id='line_1_24' title="bbox 447 3456 1592 3538; baseline 0 -19"><span class='ocrx_word' id='word_1_198' title='bbox 447 3458 504 3519; x_wconf 87' lang='lat' dir='ltr'><em>eiei</em></span> <span class='ocrx_word' id='word_1_199' title='bbox 527 3456 669 3519; x_wconf 86' lang='lat' dir='ltr'><em>radiosoe</em></span> <span class='ocrx_word' id='word_1_200' title='bbox 689 3475 766 3537; x_wconf 85' lang='lat' dir='ltr'><em>pars</em></span> <span class='ocrx_word' id='word_1_201' title='bbox 789 3459 822 3518; x_wconf 85' lang='lat' dir='ltr'><em>ia</em></span> <span class='ocrx_word' id='word_1_202' title='bbox 844 3460 996 3538; x_wconf 86' lang='lat' dir='ltr'><em>parietem</em></span> <span class='ocrx_word' id='word_1_203' title='bbox 1020 3459 1150 3532; x_wconf 82' lang='lat' dir='ltr'><em>ineidat,</em></span> <span class='ocrx_word' id='word_1_204' title='bbox 1171 3476 1260 3537; x_wconf 86' lang='lat' dir='ltr'><em>pars,</em></span> <span class='ocrx_word' id='word_1_205' title='bbox 1284 3459 1406 3521; x_wconf 77' lang='lat' dir='ltr'><em>obieeta</em></span> <span class='ocrx_word' id='word_1_206' title='bbox 1430 3459 1592 3537; x_wconf 80' lang='lat' dir='ltr'><em>marpinis</em></span> 
     </span>
     <span class='ocr_line' id='line_1_25' title="bbox 448 3574 1594 3657; baseline 0.004 -23"><span class='ocrx_word' id='word_1_207' title='bbox 448 3575 580 3636; x_wconf 76' lang='lat' dir='ltr'><em>extremi</em></span> <span class='ocrx_word' id='word_1_208' title='bbox 604 3574 639 3635; x_wconf 88' lang='lat' dir='ltr'><em>de</em></span> <span class='ocrx_word' id='word_1_209' title='bbox 663 3575 753 3647; x_wconf 87' lang='lat' dir='ltr'><em>vitro,</em></span> <span class='ocrx_word' id='word_1_210' title='bbox 779 3576 1006 3657; x_wconf 81' lang='lat' dir='ltr'><em>intercipiatur.</em></span> <span class='ocrx_word' id='word_1_211' title='bbox 1032 3574 1098 3638; x_wconf 83' lang='lat' dir='ltr'><em>Hor</em></span> <span class='ocrx_word' id='word_1_212' title='bbox 1124 3585 1199 3639; x_wconf 82' lang='lat' dir='ltr'><em>tarso</em></span> <span class='ocrx_word' id='word_1_213' title='bbox 1222 3577 1417 3657; x_wconf 85' lang='lat' dir='ltr'><em>propositum</em></span> <span class='ocrx_word' id='word_1_214' title='bbox 1442 3576 1508 3657; x_wconf 75' lang='lat' dir='ltr'><em>[ait</em></span> <span class='ocrx_word' id='word_1_215' title='bbox 1535 3594 1594 3639; x_wconf 77' lang='lat' dir='ltr'><em>ea·</em></span> 
     </span>
     <span class='ocr_line' id='line_1_26' title="bbox 444 3692 1595 3775; baseline 0 -21"><span class='ocrx_word' id='word_1_216' title='bbox 444 3692 652 3772; x_wconf 80' lang='lat' dir='ltr'><em>perimentum</em></span> <span class='ocrx_word' id='word_1_217' title='bbox 675 3697 905 3766; x_wconf 64' lang='lat' dir='ltr'><em>mortuarium</em></span> <span class='ocrx_word' id='word_1_218' title='bbox 926 3704 958 3756; x_wconf 92' lang='lat' dir='ltr'><em>at</em></span> <span class='ocrx_word' id='word_1_219' title='bbox 985 3693 1115 3756; x_wconf 71' lang='lat' dir='ltr'><em>cometis</em></span> <span class='ocrx_word' id='word_1_220' title='bbox 1134 3695 1208 3775; x_wconf 87' lang='lat' dir='ltr'><em>ipsis</em></span> <span class='ocrx_word' id='word_1_221' title='bbox 1229 3696 1321 3767; x_wconf 88' lang='lat' dir='ltr'><em>oeris,</em></span> <span class='ocrx_word' id='word_1_222' title='bbox 1342 3712 1376 3755; x_wconf 90' lang='lat' dir='ltr'><em>m</em></span> <span class='ocrx_word' id='word_1_223' title='bbox 1395 3694 1529 3756; x_wconf 81' lang='lat' dir='ltr'><em>sublimi</em></span> <span class='ocrx_word' id='word_1_224' title='bbox 1546 3694 1595 3755; x_wconf 84' lang='lat' dir='ltr'><em>oi-</em></span> 
     </span>
     <span class='ocr_line' id='line_1_27' title="bbox 446 3809 1595 3893; baseline 0.001 -21"><span class='ocrx_word' id='word_1_225' title='bbox 446 3812 510 3883; x_wconf 85' lang='lat' dir='ltr'><em>sis,</em></span> <span class='ocrx_word' id='word_1_226' title='bbox 535 3829 598 3873; x_wconf 84' lang='lat' dir='ltr'><em>aon</em></span> <span class='ocrx_word' id='word_1_227' title='bbox 620 3812 681 3891; x_wconf 79' lang='lat' dir='ltr'><em>soit</em></span> <span class='ocrx_word' id='word_1_228' title='bbox 705 3829 725 3874; x_wconf 91' lang='lat' dir='ltr'><em>a</em></span> <span class='ocrx_word' id='word_1_229' title='bbox 748 3830 795 3874; x_wconf 86' lang='lat' dir='ltr'><em>me</em></span> <span class='ocrx_word' id='word_1_230' title='bbox 818 3813 1019 3893; x_wconf 84' lang='lat' dir='ltr'><em>applicatum.</em></span> <span class='ocrx_word' id='word_1_231' title='bbox 1050 3809 1141 3886; x_wconf 82' lang='lat' dir='ltr'><em>Quod</em></span> <span class='ocrx_word' id='word_1_232' title='bbox 1163 3814 1191 3874; x_wconf 87' lang='lat' dir='ltr'><em>si</em></span> <span class='ocrx_word' id='word_1_233' title='bbox 1214 3814 1284 3893; x_wconf 83' lang='lat' dir='ltr'><em>quis</em></span> <span class='ocrx_word' id='word_1_234' title='bbox 1308 3814 1404 3875; x_wconf 87' lang='lat' dir='ltr'><em>etiam</em></span> <span class='ocrx_word' id='word_1_235' title='bbox 1429 3812 1464 3874; x_wconf 80' lang='lat' dir='ltr'><em>ia</em></span> <span class='ocrx_word' id='word_1_236' title='bbox 1488 3812 1595 3892; x_wconf 88' lang='lat' dir='ltr'><em>appli-</em></span> 
     </span>
     <span class='ocr_line' id='line_1_28' title="bbox 447 3928 1595 4011; baseline 0 -20"><span class='ocrx_word' id='word_1_237' title='bbox 447 3947 516 3991; x_wconf 88' lang='lat' dir='ltr'><em>care</em></span> <span class='ocrx_word' id='word_1_238' title='bbox 538 3930 645 4002; x_wconf 83' lang='lat' dir='ltr'><em>vellet,</em></span> <span class='ocrx_word' id='word_1_239' title='bbox 669 3928 713 3991; x_wconf 82' lang='lat' dir='ltr'><em>iiii</em></span> <span class='ocrx_word' id='word_1_240' title='bbox 736 3931 939 3993; x_wconf 82' lang='lat' dir='ltr'><em>statuendam</em></span> <span class='ocrx_word' id='word_1_241' title='bbox 974 3940 1074 4006; x_wconf 86' lang='lat' dir='ltr'><em>esset,</em></span> <span class='ocrx_word' id='word_1_242' title='bbox 1109 3933 1143 3993; x_wconf 86' lang='lat' dir='ltr'><em>in</em></span> <span class='ocrx_word' id='word_1_243' title='bbox 1173 3932 1356 4011; x_wconf 80' lang='lat' dir='ltr'><em>patentibus</em></span> <span class='ocrx_word' id='word_1_244' title='bbox 1384 3929 1446 3992; x_wconf 84' lang='lat' dir='ltr'><em>iltis</em></span> <span class='ocrx_word' id='word_1_245' title='bbox 1479 3930 1595 3993; x_wconf 80' lang='lat' dir='ltr'><em>mundi</em></span> 
     </span>
     <span class='ocr_line' id='line_1_29' title="bbox 446 4044 1595 4127; baseline -0.001 -18"><span class='ocrx_word' id='word_1_246' title='bbox 446 4048 575 4127; x_wconf 77' lang='lat' dir='ltr'><em>sarapis,</em></span> <span class='ocrx_word' id='word_1_247' title='bbox 599 4046 720 4127; x_wconf 80' lang='lat' dir='ltr'><em>aliquia</em></span> <span class='ocrx_word' id='word_1_248' title='bbox 737 4046 819 4109; x_wconf 83' lang='lat' dir='ltr'><em>reale</em></span> <span class='ocrx_word' id='word_1_249' title='bbox 841 4047 924 4127; x_wconf 80' lang='lat' dir='ltr'><em>qaod</em></span> <span class='ocrx_word' id='word_1_250' title='bbox 947 4046 1063 4109; x_wconf 80' lang='lat' dir='ltr'><em>lrabeat</em></span> <span class='ocrx_word' id='word_1_251' title='bbox 1087 4048 1243 4110; x_wconf 78' lang='lat' dir='ltr'><em>rationem</em></span> <span class='ocrx_word' id='word_1_252' title='bbox 1266 4046 1358 4108; x_wconf 84' lang='lat' dir='ltr'><em>vitrei</em></span> <span class='ocrx_word' id='word_1_253' title='bbox 1381 4044 1480 4126; x_wconf 72' lang='lat' dir='ltr'><em>ploti,</em></span> <span class='ocrx_word' id='word_1_254' title='bbox 1504 4045 1595 4108; x_wconf 79' lang='lat' dir='ltr'><em>ailad</em></span> 
     </span>
     <span class='ocr_line' id='line_1_30' title="bbox 447 4165 1593 4246; baseline -0.002 -19"><span class='ocrx_word' id='word_1_255' title='bbox 447 4167 529 4245; x_wconf 83' lang='lat' dir='ltr'><em>qaod</em></span> <span class='ocrx_word' id='word_1_256' title='bbox 555 4175 632 4228; x_wconf 86' lang='lat' dir='ltr'><em>esset</em></span> <span class='ocrx_word' id='word_1_257' title='bbox 656 4166 720 4228; x_wconf 85' lang='lat' dir='ltr'><em>loeo</em></span> <span class='ocrx_word' id='word_1_258' title='bbox 741 4165 879 4245; x_wconf 82' lang='lat' dir='ltr'><em>parietis.</em></span> <span class='ocrx_word' id='word_1_259' title='bbox 913 4165 966 4228; x_wconf 86' lang='lat' dir='ltr'><em>lta</em></span> <span class='ocrx_word' id='word_1_260' title='bbox 1001 4165 1161 4230; x_wconf 80' lang='lat' dir='ltr'><em>Comatam</em></span> <span class='ocrx_word' id='word_1_261' title='bbox 1190 4185 1253 4230; x_wconf 82' lang='lat' dir='ltr'><em>ooo</em></span> <span class='ocrx_word' id='word_1_262' title='bbox 1283 4165 1348 4229; x_wconf 84' lang='lat' dir='ltr'><em>solo</em></span> <span class='ocrx_word' id='word_1_263' title='bbox 1379 4165 1593 4246; x_wconf 68' lang='lat' dir='ltr'><em>conformaret</em></span> 
     </span>
     <span class='ocr_line' id='line_1_31' title="bbox 448 4286 586 4366; baseline 0.014 -23"><span class='ocrx_word' id='word_1_264' title='bbox 448 4286 586 4366; x_wconf 73' lang='lat' dir='ltr'><em>reflexio.</em></span> 
     </span>
    </p>

    <p class='ocr_par' dir='ltr' id='par_1_4' title="bbox 446 4403 1594 4725">
     <span class='ocr_line' id='line_1_32' title="bbox 542 4403 1590 4486; baseline 0 -20"><span class='ocrx_word' id='word_1_265' title='bbox 542 4405 593 4466; x_wconf 88' lang='grc'><em>10.</em></span> <span class='ocrx_word' id='word_1_266' title='bbox 617 4403 734 4467; x_wconf 80' lang='lat' dir='ltr'><em>Eodem</em></span> <span class='ocrx_word' id='word_1_267' title='bbox 759 4405 835 4468; x_wconf 81' lang='lat' dir='ltr'><em>libro</em></span> <span class='ocrx_word' id='word_1_268' title='bbox 859 4406 1015 4486; x_wconf 83' lang='lat' dir='ltr'><em>dispatooi</em></span> <span class='ocrx_word' id='word_1_269' title='bbox 1038 4405 1073 4467; x_wconf 79' lang='lat' dir='ltr'><em>rie</em></span> <span class='ocrx_word' id='word_1_270' title='bbox 1097 4416 1185 4469; x_wconf 83' lang='lat' dir='ltr'><em>mota</em></span> <span class='ocrx_word' id='word_1_271' title='bbox 1210 4405 1422 4479; x_wconf 71' lang='lat' dir='ltr'><em>cometarum,</em></span> <span class='ocrx_word' id='word_1_272' title='bbox 1447 4405 1509 4469; x_wconf 86' lang='lat' dir='ltr'><em>alio</em></span> <span class='ocrx_word' id='word_1_273' title='bbox 1528 4405 1590 4467; x_wconf 84' lang='lat' dir='ltr'><em>loro</em></span> 
     </span>
     <span class='ocr_line' id='line_1_33' title="bbox 446 4521 1594 4604; baseline 0.001 -22"><span class='ocrx_word' id='word_1_274' title='bbox 446 4521 700 4603; x_wconf 75' lang='lat' dir='ltr'><em>deformatione,</em></span> <span class='ocrx_word' id='word_1_275' title='bbox 725 4543 787 4587; x_wconf 85' lang='lat' dir='ltr'><em>ooo</em></span> <span class='ocrx_word' id='word_1_276' title='bbox 812 4523 1181 4600; x_wconf 65' lang='lat' dir='ltr'><em>commemorandae</em></span> <span class='ocrx_word' id='word_1_277' title='bbox 1205 4526 1385 4598; x_wconf 85' lang='lat' dir='ltr'><em>cometioae,</em></span> <span class='ocrx_word' id='word_1_278' title='bbox 1411 4524 1505 4604; x_wconf 78' lang='lat' dir='ltr'><em>sajus</em></span> <span class='ocrx_word' id='word_1_279' title='bbox 1538 4523 1594 4586; x_wconf 83' lang='lat' dir='ltr'><em>loci</em></span> 
     </span>
     <span class='ocr_line' id='line_1_34' title="bbox 448 4641 1594 4725; baseline 0 -25"><span class='ocrx_word' id='word_1_280' title='bbox 448 4642 564 4704; x_wconf 78' lang='lat' dir='ltr'><em>orontio</em></span> <span class='ocrx_word' id='word_1_281' title='bbox 598 4645 691 4705; x_wconf 87' lang='lat' dir='ltr'><em>etiam</em></span> <span class='ocrx_word' id='word_1_282' title='bbox 716 4645 749 4706; x_wconf 87' lang='lat' dir='ltr'><em>io</em></span> <span class='ocrx_word' id='word_1_283' title='bbox 774 4642 996 4725; x_wconf 74' lang='lat' dir='ltr'><em>Hyperaspiste</em></span> <span class='ocrx_word' id='word_1_284' title='bbox 1021 4653 1064 4706; x_wconf 86' lang='lat' dir='ltr'><em>est</em></span> <span class='ocrx_word' id='word_1_285' title='bbox 1099 4646 1186 4725; x_wconf 79' lang='lat' dir='ltr'><em>saeta</em></span> <span class='ocrx_word' id='word_1_286' title='bbox 1220 4645 1261 4708; x_wconf 77' lang='lat' dir='ltr'><em>orl</em></span> <span class='ocrx_word' id='word_1_287' title='bbox 1284 4643 1334 4705; x_wconf 81' lang='lat' dir='ltr'><em>tit.</em></span> <span class='ocrx_word' id='word_1_288' title='bbox 1358 4641 1419 4715; x_wconf 88' lang='lat'><em>11,</em></span> <span class='ocrx_word' id='word_1_289' title='bbox 1444 4659 1514 4722; x_wconf 88' lang='lat' dir='ltr'><em>cap.</em></span> <span class='ocrx_word' id='word_1_290' title='bbox 1542 4641 1594 4706; x_wconf 87' lang='lat'><em>31.</em></span> 
     </span>
    </p>
   </div>
   <div class='ocr_carea' id='block_1_3' title="bbox 454 4754 1599 4843">
    <p class='ocr_par' dir='ltr' id='par_1_5' title="bbox 454 4754 1599 4843">
     <span class='ocr_line' id='line_1_35' title="bbox 454 4754 1599 4843; baseline 0.003 -26"><span class='ocrx_word' id='word_1_291' title='bbox 454 4754 544 4828; x_wconf 80' lang='lat' dir='ltr'><em>(laod</em></span> <span class='ocrx_word' id='word_1_292' title='bbox 567 4761 666 4837; x_wconf 81' lang='lat' dir='ltr'><em>ipim-r</em></span> <span class='ocrx_word' id='word_1_293' title='bbox 690 4764 772 4824; x_wconf 79' lang='lat' dir='ltr'><em>liam</em></span> <span class='ocrx_word' id='word_1_294' title='bbox 798 4764 897 4826; x_wconf 84' lang='lat' dir='ltr'><em>losum</em></span> <span class='ocrx_word' id='word_1_295' title='bbox 920 4764 1041 4837; x_wconf 85' lang='lat' dir='ltr'><em>otlioet,</em></span> <span class='ocrx_word' id='word_1_296' title='bbox 1064 4764 1200 4843; x_wconf 83' lang='lat' dir='ltr'><em>primum</em></span> <span class='ocrx_word' id='word_1_297' title='bbox 1224 4763 1414 4841; x_wconf 76' lang='lat' dir='ltr'><em>‹iistiopaere</em></span> <span class='ocrx_word' id='word_1_298' title='bbox 1434 4781 1492 4840; x_wconf 80' lang='lat' dir='ltr'><em>epo</em></span> <span class='ocrx_word' id='word_1_299' title='bbox 1514 4760 1599 4823; x_wconf 83' lang='lat' dir='ltr'><em>soleo</em></span> 
     </span>
    </p>
   </div>
   <div class='ocr_carea' id='block_1_4' title="bbox 0 0 2072 5934">
    <p class='ocr_par' dir='ltr' id='par_1_6' title="bbox 0 0 2072 5934">
     <span class='ocr_line' id='line_1_36' title="bbox 0 0 2072 5934; baseline 0 0"><span class='ocrx_word' id='word_1_300' title='bbox 0 0 2072 5934; x_wconf 95' lang='lat' dir='ltr'><em> </em></span> 
     </span>
    </p>
   </div>
  </div>
 </body>
</html>
