4109 5934
807 867 967 957 ttBEn
1001 870 1211 963 PntMth

716 1218 718 1222 Α
835 1172 970 1237 CAPUT
993 1172 1174 1240 PRIMUM.

660 1483 698 1528 DE
726 1483 820 1530 enimn
845 1481 927 1529 totis
951 1482 1088 1529 contrata
1111 1483 1355 1531 nnsssnvnstonss.

535 1761 700 1825 Humanae
722 1762 833 1824 inentis
854 1776 994 1832 acumen,
1009 1769 1158 1842 perpetua
1174 1779 1281 1826 rerum
1296 1764 1475 1829 inventione
1496 1782 1565 1829 ean·

444 1882 597 1964 spieuum,
620 1887 663 1943 tet
686 1886 834 1961 tantaque
849 1878 919 1958 jam
943 1875 1021 1941 orti
1042 1879 1344 1954 inmxitmiraeuia,
1359 1888 1400 1944 ut
1414 1881 1494 1945 sitit
1508 1891 1566 1947 tan

445 1999 572 2083 diffinite,
595 1998 673 2063 ninii
694 2006 758 2062 tam
779 1997 918 2062 arduum
935 1997 1107 2079 recapitari
1129 1997 1232 2075 tieeat,
1255 1997 1339 2080 quea
1361 2000 1481 2064 innieta
1499 2009 1566 2063 stu·

445 2120 490 2184 aii
509 2118 682 2201 pertinacia
702 2135 849 2199 superare
871 2135 934 2182 non
956 2117 1068 2181 eaieat.
1089 2113 1220 2200 Separet
1242 2119 1388 2201 quamuis
1410 2135 1563 2202 aquarum

444 2237 565 2301 ebuetu
586 2245 743 2300 terrarum
764 2234 880 2299 ineptae
905 2230 1060 2311 Oceanus,
1083 2242 1113 2298 et
1134 2234 1272 2299 sinueris
1295 2233 1461 2300 undarum
1480 2235 1566 2319 titui-

447 2355 503 2416 tus
524 2371 585 2417 sua
608 2353 719 2434 ruique
747 2353 833 2433 qenti
859 2351 964 2415 iittara
995 2351 1218 2432 praescribat,·
1241 2350 1337 2414 audet
1372 2350 1566 2414 minitaminus

397 2473 401 2480 '
444 2472 528 2534 mira
550 2472 710 2535 neminum
731 2469 892 2535 industria
913 2472 1056 2551 iqnatum
1083 2486 1205 2552 aequor
1232 2469 1393 2543 inuadere,
1410 2469 1567 2534 meieni·

446 2589 500 2650 irus
520 2587 661 2668 preeeiiis
683 2604 854 2659 occurrere.
879 2597 907 2650 et
930 2587 1097 2667 maqnetiri
1130 2586 1244 2669 eaiqbis
1278 2587 1405 2650 aurine
1430 2603 1486 2669 per
1508 2587 1566 2648 im·

442 2723 551 2770 measa
571 2705 726 2790 [tuetuum
746 2705 906 2770 uolumina
927 2705 1035 2769 diuites
1053 2706 1128 2770 auri
1142 2722 1239 2770 uenas
1264 2722 1446 2789 nonumque
1468 2704 1565 2770 amn

442 2826 610 2906 inquirere.
631 2823 761 2906 Inqenti
783 2841 976 2906 quemqnam
999 2832 1157 2890 terrarum
1180 2831 1284 2889 traetu
1306 2825 1487 2892 aminarum
1502 2841 1567 2890 ear·

437 2962 519 3025 para
540 2945 684 3025 seiunqat
706 2943 778 3007 dira
799 2945 892 3008 sartis
914 2944 1123 3018 inelementia,
1145 2953 1175 3008 et
1195 2945 1284 3008 ninas
1306 2917 1463 3027 utrinque
1484 2960 1564 3009 onan

443 3064 544 3127 media
566 3064 730 3143 reqionum
751 3063 895 3127 vastitate
915 3063 1083 3127 interdiani
1104 3063 1219 3139 audiri,
1242 3063 1330 3127 aierit
1354 3063 1454 3127 nikiia
1474 3063 1568 3128 reeisu

441 3181 621 3245 mortalium
643 3179 767 3244 solertia
789 3196 848 3243 sua
871 3180 1015 3243 tenuibus
1042 3180 1158 3244 chartis
1186 3181 1282 3243 verta
1308 3178 1521 3253 summittere,
1542 3184 1567 3239 et

444 3295 527 3361 breui
553 3303 747 3359 earaeterum
769 3296 848 3358 serie
872 3313 936 3360 nen
959 3311 1084 3360 coaevas
1112 3295 1326 3360 tantummaeia
1354 3295 1496 3379 atiaqui,
1523 3294 1569 3359 sed

443 3425 471 3479 et
499 3415 622 3496 iuturus
656 3414 760 3478 itidem
794 3425 861 3495 past
896 3417 1050 3479 diuturna
1084 3417 1209 3479 saecuta
1243 3423 1375 3497 nepotes.
1413 3413 1568 3499 Surripui

444 3534 610 3616 quamlibet
633 3533 746 3597 surdae
769 3535 877 3598 mertis
900 3534 1035 3598 auaritia
1062 3534 1205 3615 affinium
1232 3535 1378 3609 animas,
1409 3544 1439 3598 et
1467 3535 1567 3598 eiiierta

444 3668 501 3715 ara
521 3652 652 3733 funestis
673 3649 842 3731 petionibus
866 3650 1020 3730 deformet,
1046 3658 1144 3713 tentat
1172 3651 1375 3714 niniiaminus
1401 3650 1494 3714 dueta
1516 3652 1564 3713 in·

446 3769 568 3832 minum
591 3786 704 3831 manus
727 3788 789 3832 nen
812 3769 899 3832 duris
922 3778 1048 3833 tantum
1070 3770 1278 3833 muratoribus
1306 3769 1446 3834 subiatas
1469 3769 1565 3833 vuitus

447 3890 634 3971 imprimere,
658 3888 755 3950 sedet
778 3888 861 3953 matii
878 3889 1062 3969 pennicilli),
1085 3897 1114 3952 et
1135 3907 1214 3970 pene
1236 3888 1431 3970 spirantibus
1455 3886 1564 3952 umbris

446 4007 601 4070 extinctas
624 4024 745 4086 queque
765 4007 914 4086 imaqines
936 4009 1105 4071 restituere.
1125 4004 1210 4082 Quia
1222 4006 1315 4088 ptura
1338 4005 1463 4070 dicam?
1477 4023 1513 4070 ea
1528 4013 1563 4066 est

449 4125 578 4188 humani
592 4125 638 4186 eis
655 4125 775 4203 inqenii
791 4136 825 4187 ut
843 4127 970 4191 omnine
985 4126 1145 4208 desperare
1160 4146 1224 4190 nan
1242 4127 1342 4201 liceat,
1356 4128 1453 4190 annis
1471 4142 1562 4207 quan·

448 4244 545 4324 daque
563 4243 639 4306 seris
656 4245 779 4307 saecuta
796 4246 919 4327 futura,
936 4246 1049 4326 quitus
1065 4247 1175 4311 intacti
1192 4247 1326 4311 aetheris
1344 4247 1474 4310 turbare
1483 4245 1560 4324 jura.

447 4370 475 4423 et
498 4362 624 4424 lubricis
648 4361 764 4425 eredita
787 4365 873 4426 auris
897 4365 1006 4426 anima
1030 4365 1178 4428 attonitas
1194 4365 1284 4429 detur
1299 4366 1383 4428 inter
1400 4364 1486 4428 aiites
1501 4377 1559 4423 eeu

448 4481 520 4542 iure.
545 4479 606 4543 Nec
626 4480 762 4561 prosecta
785 4483 902 4562 emique
918 4492 1099 4545 nostrarum
1111 4492 1202 4565 parte
1221 4484 1256 4545 in
1274 4500 1405 4564 superes
1416 4482 1486 4562 jam
1503 4487 1558 4540 tm·

448 4596 517 4657 dere
535 4598 698 4678 caepimus,
712 4599 783 4678 jam
806 4618 904 4662 naeus
928 4618 998 4664 eere
1024 4599 1159 4664 Deaaius
1184 4598 1340 4665 Gaiiiaeus
1365 4601 1509 4667 numana,
1529 4599 1555 4653 iti

450 4714 494 4775 ita
518 4713 638 4787 dicum,
662 4717 803 4794 obtutui,
827 4717 939 4782 indidit
962 4720 1050 4797 aias,
1072 4721 1143 4799 jam
1166 4721 1208 4784 ad
1230 4720 1378 4786 distantia
1393 4716 1494 4781 sidera
1511 4729 1554 4773 nt·
