4109 5934
1566 711 1613 772 dil

532 839 778 907 &Advertimus
807 846 921 921 etiam,
942 848 1038 927 qnod,
1070 866 1107 909 no
1138 847 1326 927 frequentius
1359 851 1433 913 haec
1463 853 1613 916 Observa·

451 943 569 1006 tionum
590 945 687 1008 series
715 946 959 1026 interrumpatur
978 947 1234 1028 justificationum
1265 953 1442 1027 insertione,
1463 972 1541 1033 quas
1561 957 1613 1016 ad·

451 1044 587 1107 mirabili
609 1043 754 1107 felicitate
774 1045 1004 1107 elaboravimus
1026 1046 1064 1106 ad
1085 1046 1236 1107 rationem
1257 1048 1443 1111 reddendam
1470 1050 1612 1113 delicien-

450 1149 565 1210 tiarnm
583 1147 723 1209 omnium
739 1162 819 1225 qnae
834 1146 914 1207 inter
927 1145 1008 1225 ipsas
1022 1143 1258 1208 Observationes
1271 1154 1391 1221 extant,
1404 1157 1610 1228 opportunum

452 1247 600 1311 duximus
616 1246 673 1309 iras
689 1261 798 1308 omnes
815 1242 1050 1324 justificationes
1070 1245 1223 1307 collectim
1245 1245 1278 1305 in
1299 1262 1396 1308 unnm
1416 1255 1446 1308 et
1466 1246 1609 1309 ultimum

452 1350 556 1413 locum
588 1348 752 1422 conterre,
784 1347 970 1409 indicatione
1001 1347 1158 1427 apposita,
1180 1365 1260 1425 qnae
1292 1349 1329 1409 do
1360 1349 1435 1427 ipsis
1465 1350 1609 1412 lectorem

450 1457 654 1514 commoneat

527 1549 577 1614 lix
597 1551 671 1625 hac,
691 1568 786 1631 quam
809 1551 1040 1630 adoptavimus,
1058 1549 1200 1610 methodo
1221 1566 1303 1610 nnnc
1325 1555 1442 1610 tantum
1458 1549 1611 1629 exceptio

449 1669 525 1715 nem
542 1651 688 1728 iacimus,
706 1659 741 1714 nt
761 1654 912 1715 rationem
931 1651 1134 1725 deficientiae,
1151 1668 1231 1728 quae
1253 1650 1381 1711 vortitur
1401 1651 1479 1711 lotor
1494 1655 1610 1729 postre-

451 1770 519 1815 mas
551 1751 786 1818 Observationes
818 1751 945 1826 Nuncii,
976 1758 1006 1814 ct
1037 1752 1171 1831 primam
1202 1768 1283 1829 quae
1313 1751 1464 1829 sequitur,
1483 1751 1543 1812 diei
1570 1749 1609 1810 25

444 1853 519 1936 julii
542 1854 630 1930 1610,
650 1853 835 1928 reddamus3
857 1854 898 1915 ito
920 1861 954 1915 ut
970 1854 1010 1914 ab
1023 1853 1091 1932 ipso
1112 1852 1198 1914 initio
1218 1852 1277 1912 lroc
1298 1851 1379 1929 quod
1397 1852 1507 1912 iterum
1528 1849 1610 1912 atttr-

449 1954 605 2019 marimus
622 1956 855 2036 comprobetur;
872 1972 982 2017 omnes
1002 1954 1119 2017 scilieet
1135 1951 1267 2016 Galilaei
1283 1953 1315 2014 in
1332 1952 1391 2016 hac
1411 1968 1446 2013 re
1465 1951 1610 2013 lucubra-

446 2055 561 2131 tiones,
582 2055 712 2139 elnobia
734 2056 857 2119 tandem
877 2073 943 2118 esso
963 2053 1130 2116 restitutas.
1318 2049 1324 2061 '

528 2155 620 2219 ilatio
642 2156 740 2238 igitur
771 2155 962 2219 deficientiae
994 2154 1127 2216 extentis
1158 2155 1236 2216 inter
1267 2153 1347 2214 diem
1368 2153 1405 2212 et
1428 2150 1501 2215 llaii
1521 2159 1551 2212 et
1570 2150 1609 2210 25

446 2255 538 2329 tulit,
561 2257 694 2320 hebetur
714 2275 754 2319 ex
774 2257 895 2319 duabus
915 2257 1054 2336 epistolis
1068 2253 1321 2336 ipsiusGatitaei,
1340 2271 1473 2332 quarum
1499 2269 1609 2332 oppor-

446 2361 537 2420 tunos
557 2356 643 2420 locos
660 2357 829 2422 exibemue

532 2457 751 2539 Froprnentrvm
770 2459 912 2541 epistolae
934 2458 1081 2531 Gotitoev',
1100 2457 1225 2523 Patavii
1244 2457 1349 2529 datae.
1366 2456 1404 2516 18
1416 2452 1502 2536 junii
1522 2451 1614 2525 1616,

449 2555 494 2617 od
512 2557 698 2620 artemium
727 2559 863 2622 Vintom:
886 2559 1005 2622 «Circa
1025 2560 1076 2639 poi
1097 2560 1121 2620 il
1141 2560 1324 2639 ristampare
1344 2558 1366 2617 11
1386 2555 1467 2616 libro
1486 2556 1608 2615 intorno

451 2677 469 2716 c
493 2659 525 2720 ai
545 2656 663 2723 Pinneti
693 2658 821 2724 lledicei
844 2659 1007 2742 (Siderous
1027 2658 1199 2736 Neocles),
1218 2658 1340 2738 giudico
1369 2654 1427 2715 che
1456 2655 1500 2716 sia
1532 2655 1608 2716 bene

448 2775 467 2814 c
489 2763 646 2837 aepcttare
666 2759 690 2820 il
710 2759 828 2823 ritomo
848 2759 880 2819 di
902 2757 998 2820 Giove
1029 2757 1109 2820 iuori
1131 2755 1287 2836 dei‘raggi
1309 2755 1358 2816 del
1379 2753 1468 2828 Sole,
1488 2771 1542 2832 por
1563 2772 1616 2832 po

459 2877 476 2914 ι
499 2854 582 2918 terlo
600 2873 760 2920 osserrare
781 2874 895 2920 ancora
916 2858 1096 2928 mattutioo,
1111 2874 1129 2917 e
1144 2873 1202 2938 por
1222 2854 1388 2934 oetl'opera
1408 2855 1501 2915 molto
1516 2871 1615 2916 osser-

447 2978 465 3014 «
488 2956 610 3019 rationi
631 2956 705 3023 tane
726 2958 759 3020 in
780 2962 889 3036 questa
908 2957 1125 3032 costituzione,
1145 2957 1224 3019 oltre
1244 2974 1263 3018 a
1283 2956 1387 3036 quelle
1407 2955 1463 3017 cire
1484 2954 1524 3016 ho
1545 2953 1615 3017 tatto

449 3073 467 3112 ι
490 3055 524 3119 61
544 3057 598 3138 pil
618 3059 775 3123 menneo
796 3062 875 3121 stato
894 3058 1086 3137 vespertino,
1101 3056 1127 3118 il
1142 3056 1235 3135 quale
1255 3055 1295 3120 ho
1315 3060 1422 3134 potuto
1437 3054 1546 3116 vedere
1567 3056 1618 3121 be·

455 3177 473 3213 a
495 3156 627 3220 pissimo
640 3157 771 3221 insieme
791 3174 851 3219 con
872 3157 883 3219 i
904 3159 972 3221 suoi
989 3155 1108 3219 Pinneti
1130 3156 1265 3218 aderenti
1285 3154 1349 3218 lino
1364 3160 1441 3216 atre
1457 3157 1616 3218 settimane

451 3275 469 3311 α
492 3253 540 3317 ta:
561 3255 585 3319 lt
608 3261 713 3337 tempo
733 3257 764 3317 di
786 3257 907 3337 poterlo
926 3256 1165 3320 riooominctare
1185 3273 1203 3318 a
1225 3254 1317 3318 voder
1336 3255 1485 3323 orientale
1504 3261 1615 3322 mattu-

447 3373 465 3412 c
493 3353 564 3418 tino
584 3356 657 3418 aeri
678 3362 726 3418 tra
750 3373 842 3419 meno
863 3356 893 3416 di
916 3354 977 3417 due
997 3356 1090 3428 mesi,
1110 3372 1128 3416 e
1147 3355 1173 3418 si
1194 3355 1287 3416 vedrl
1307 3356 1538 3418 comodamente
1556 3357 1616 3421 due

446 3475 465 3514 a
489 3470 547 3518 ore
569 3454 677 3517 aranti
699 3455 849 3537 giorno».
872 3452 989 3536 (MSS.
1012 3452 1143 3527 orer.
1170 3452 1223 3527 tt,
1246 3453 1281 3515 T.
1308 3453 1343 3528 V,
1362 3454 1408 3515 cd.
1428 3455 1477 3529 38,
1497 3454 1577 3518 edita
1598 3475 1615 3518 a

446 3553 611 3618 Feltroaio
630 3554 751 3618 lettere
766 3563 822 3618 etc.
842 3553 878 3617 Τ.
899 3553 931 3631 l,
953 3572 983 3637 p.
1003 3553 1061 3628 21⁵,
1080 3561 1112 3616 et
1132 3574 1148 3618 a
1171 3554 1323 3618 Venturio
1348 3555 1616 3620 1111ηωί11111-

401 3654 402 3657 ’
444 3661 508 3718 tm
527 3662 584 3716 etc.
603 3654 636 3718 P.
655 3654 685 3730 1,
706 3675 735 3737 p.
756 3655 844 3738 166).

532 3751 753 3834 Froptnentnm
772 3756 888 3818 altem
909 3756 1053 3838 epistolae
1072 3756 1169 3838 ipsius
1188 3755 1231 3819 od
1249 3757 1386 3834 undem,
1397 3759 1457 3821 diei
1475 3761 1515 3822 36
1527 3760 1613 3841 jotti:

448 3875 466 3912 ι
490 3851 542 3915 llo
560 3856 743 3920 comiaclato
763 3858 789 3920 il
809 3859 841 3922 dl
861 3856 902 3920 25
923 3864 1024 3923 stante
1045 3877 1063 3922 a
1085 3858 1209 3921 rireder
1238 3857 1334 3921 (lione
1364 3861 1513 3923 orientale
1538 3869 1615 3925 mat-

445 3972 463 4011 «
488 3953 591 4016 totino
609 3972 666 4018 eon
683 3956 713 4018 la
729 3976 786 4021 sua
808 3959 930 4020 schiera
951 3957 1119 4022 de'Pianeti
1142 3956 1270 4028 lledicei
1291 3977 1366 4022 ec.»
1387 3959 1453 4039 tid.
1469 3959 1520 4033 it„
1535 3962 1615 4025 edita

445 4054 526 4117 llaec
547 4053 639 4146 etiam
660 4075 678 4120 a
699 4056 870 4132 Fabronio,
890 4058 951 4123 loc.
969 4061 1022 4123 cit.
1044 4077 1115 4141 pag.
1136 4059 1187 4133 28,
1207 4067 1237 4122 et
1258 4079 1275 4123 a
1297 4059 1467 4136 Venturio,
1488 4062 1545 4125 loc.
1564 4065 1615 4125 cit.

442 4169 473 4233 p.
495 4151 555 4214 159
565 4154 585 4235 t.

528 4251 598 4318 Pari
620 4255 768 4320 tetictvate
803 4256 946 4334 reliquae
966 4279 1073 4323 omnes
1096 4261 1287 4330 deficientiae
1318 4265 1500 4347 explanatae
1531 4279 1620 4344 sunt,

440 4361 476 4439 nt
497 4357 681 4438 singillatim
702 4359 808 4421 lectori
831 4356 934 4419 videre
956 4359 1034 4422 lieet.
