4109 5934
589 933 799 1015 uuuuuu
826 915 1032 1014 umuuu
1058 871 1445 1069 ruouuruur'lff‘g,

933 1213 981 1235 ‚0-

835 1603 1071 1677 Titusls

375 1839 692 1902 lucubrationes
711 1854 735 1898 a
757 1840 934 1897 Galliaco
956 1853 1030 1896 nec
1054 1853 1138 1896 non
1163 1854 1187 1896 a
1211 1841 1422 1914 llcnierlo‚
1447 1842 1537 1900 eiua

375 1945 576 2018 diocipulo
599 1939 641 2003 et
656 1943 961 2013 continuatore,
977 1942 1087 2000 circa
1100 1941 1213 1999 loris
1229 1942 1436 2001 satelliteo
1451 1958 1542 2014 pcr-

376 2050 537 2122 ductac,
561 2061 737 2120 quarum
758 2047 929 2105 amiooio
955 2060 1030 2118 per
1054 2057 1188 2101 annoo
1222 2045 1309 2103 fere
1340 2045 1538 2103 ducentos

371 2146 685 2224 deplorabatur,
705 2149 749 2206 in
775 2153 804 2206 l.
831 2149 872 2207 ct
893 2152 939 2205 ll.
964 2147 1144 2205 l’lttiana
1173 2146 1360 2205 l’alatina
1394 2145 1542 2205 lliblio·

373 2251 501 2325 theca,
522 2253 691 2310 cunctae
704 2249 976 2323 reperiuntur
998 2245 1048 2327 (l).

466 2420 576 2502 Longe
599 2421 715 2485 absita
732 2421 824 2484 nobis
839 2426 891 2495 uf,
907 2420 986 2482 dum
1006 2423 1152 2482 nostram
1172 2419 1277 2482 tbesin
1296 2436 1462 2499 exponere
1479 2435 1536 2482 sa-

376 2528 539 2611 tagimus,
558 2527 665 2593 denuo
688 2545 800 2593 acrem
826 2532 859 2591 et
875 2534 1029 2591 vexatam
1048 2527 1308 2599 controversiam
1336 2528 1535 2602 excitemus,

375 2652 475 2717 quae,
493 2636 604 2700 statim
616 2653 654 2700 ae
677 2637 884 2718 inopinatam
908 2634 1131 2699 inventionem
1149 2637 1396 2711 nunciavimus‚
1420 2637 1535 2719 ingens

374 2744 494 2811 crevit.
513 2744 680 2809 Praesenti
700 2760 775 2808 mea
806 2744 968 2825 scriptura
991 2744 1032 2807 ad
1061 2743 1095 2806 id
1124 2745 1331 2809 solummodo
1359 2745 1536 2821 contendo,

374 2853 524 2918 nivaria
548 2869 586 2916 ao
609 2853 771 2934 dispalata
790 2858 1003 2934 argumenta,
1026 2851 1145 2932 quibus
1168 2853 1385 2934 oppositiones
1402 2859 1434 2916 et
1456 2871 1537 2918 cou-

376 2961 529 3026 tumelias
556 2961 823 3025 adversariorum
842 2977 989 3023 meorum
1013 2959 1138 3039 repuli,
1160 2959 1195 3022 in
1219 2977 1324 3023 unum
1346 2977 1478 3044 cogam,
1500 2934 1542 3025 et'

377 3071 413 3135 in
444 3071 614 3136 meliorem
638 3069 787 3134 ordinem
812 3069 973 3151 digeram,
998 3068 1135 3150 aliisque
1158 3069 1339 3135 rationibus
1372 3071 1537 3147 roborem,

376 3195 463 3260 quae
493 3196 582 3244 nuno
612 3181 756 3263 primum
778 3179 813 3240 in
833 3180 940 3256 lucem
960 3178 1143 3260 prodeunt;
1165 3179 1267 3245 itaut
1290 3179 1412 3244 veritas
1435 3181 1536 3245 thesis

376 3305 470 3353 meae
492 3288 608 3354 eadem
623 3289 812 3363 luciditate,
827 3303 894 3369 qua
916 3304 1066 3353 summus
1085 3285 1156 3363 Sol,
1176 3286 1345 3371 refulgeat.
1362 3288 1395 3355 si
1411 3289 1537 3370 disqui-

376 3399 463 3471 sitio,
490 3399 656 3480 adquam
688 3415 776 3464 nune
804 3398 946 3472 recedo,
973 3395 1102 3461 efficere
1125 3398 1239 3478 possit,
1274 3405 1312 3461 ut
1340 3399 1537 3471 abincauta

445 3667 479 3729 (i)
495 3666 526 3716 ln
536 3667 586 3716 bac
597 3665 681 3730 prims
690 3665 829 3716 voluminis
839 3669 921 3728 parte,
933 3677 999 3730 quse
1010 3669 1113 3715 tantum
1124 3663 1231 3714 Galilaei
1241 3677 1306 3728 opus
1316 3665 1443 3724 continet,
1454 3664 1540 3715 thesio

372 3760 458 3798 meam
474 3748 610 3800 declarabo
630 3751 715 3815 quoad
745 3751 829 3813 ipsum
846 3740 954 3799 altinati
967 3750 993 3798 in
1009 3749 1091 3800 altera
1110 3754 1194 3812 parte,
1217 3749 1243 3797 in
1258 3762 1309 3813 qua
1329 3747 1449 3798 lienierii
1468 3748 1540 3798 iucu-

372 3831 502 3881 brationes
518 3832 701 3892 eontinentur,
717 3829 805 3881 licebit
820 3832 886 3881 mibi
902 3833 971 3880 idem
984 3832 1017 3881 de
1043 3831 1098 3894 ipso
1113 3831 1209 3881 iacere.
1222 3829 1298 3891 Quod
1314 3831 1419 3880 interim
1435 3831 1468 3880 de
1484 3844 1538 3881 uno

374 3916 473 3973 dicam,
492 3915 670 3967 testimonium
685 3917 736 3966 erit
751 3917 784 3965 de
799 3929 831 3966 eo
847 3917 915 3982 quod
931 3917 964 3966 de
979 3915 1061 3966 altero
1078 3916 1193 3966 dicturus
1210 3928 1278 3966 sum.

446 3997 550 4047 interea
565 4011 619 4049 uon
634 3999 691 4049 sine
707 4011 803 4063 magna
819 3999 990 4050 admiratione
1003 4000 1117 4064 legetur.
1131 3998 1269 4061 hocopus,
1287 3998 1357 4063 quod
1373 3997 1453 4062 aliqui
1468 3997 1541 4047 dieti·

372 4080 461 4131 tabam
471 4080 571 4143 paucis,
583 4081 728 4145 sparsisque
739 4080 892 4145 fragmentis
907 4082 1040 4144 componi,
1054 4092 1144 4131 revera
1160 4085 1232 4129 tanto
1243 4080 1325 4143 spatio
1336 4078 1537 4142 comprehendi,

371 4163 503 4228 quamvis,
522 4176 576 4214 uon
592 4153 648 4214 sine
667 4177 763 4228 magrm
779 4165 880 4226 labore,
896 4168 927 4215 ut
942 4165 1084 4229 praesentis
1099 4163 1239 4214 voluminis
1254 4164 1414 4226 inspectione
1430 4160 1538 4225 patebit,

372 4248 471 4295 uotam
482 4244 692 4297 lucubrationum
701 4244 800 4296 molem
811 4248 879 4298 inter
887 4248 933 4298 bas
942 4248 1055 4297 limitum
1062 4247 1194 4310 angustus
1203 4246 1288 4309 quoad
1297 4244 1537 4307 potui,constriuxi;

372 4328 434 4377 dom
448 4328 497 4379 bae
511 4328 718 4389 lucubrationes,
736 4329 758 4379 si
777 4331 854 4380 modo
870 4330 961 4381 eadem
977 4331 1073 4391 forma,
1090 4331 1232 4394 iisdemque
1247 4327 1437 4378 characteribus
1452 4328 1536 4379 editae

371 4407 472 4469 forent,
490 4409 583 4475 quibui
601 4411 686 4463 adbuc
705 4411 733 4460 in
752 4410 801 4461 bac
820 4412 933 4462 editione
956 4414 998 4462 usi
1020 4426 1123 4473 mnus,
1147 4425 1201 4468 non
1221 4411 1308 4460 minus
1326 4423 1405 4474 quam
1428 4411 1477 4461 tria
1495 4417 1541 4462 aut

372 4494 483 4553 quatum
497 4490 630 4542 roinmlna
645 4491 819 4558 requirerent.
830 4491 936 4542 Crescat
950 4494 1030 4543 etiam
1047 4493 1192 4551 admiratio,
1211 4505 1294 4556 quum
1303 4491 1395 4542 addam
1405 4492 1456 4543 boc
1466 4492 1540 4545 voiu-

372 4585 433 4623 msn
448 4587 502 4624 non
517 4573 640 4638 mpieotl
653 4570 761 4626 fortem
777 4575 911 4625 dimidium
926 4576 1111 4635 materiarum,
1132 4587 1199 4638 quae
1215 4573 1379 4626 Galilaeianis
1394 4575 1534 4626 codicibus

371 4657 533 4716 restinctum
550 4672 713 4725 quamque
729 4673 823 4724 magna
839 4673 898 4723 pers
913 4672 1008 4723 operae
1026 4660 1157 4723 praetium
1175 4659 1238 4710 duxi
1254 4660 1477 4724 praetermittere,
1495 4673 1541 4711 rc·

373 4737 421 4789 iuti
429 4739 459 4790 ad
468 4739 647 4804 probitionem
656 4745 760 4793 nostrae
767 4741 847 4793 thesis
856 4745 883 4793 et
890 4742 922 4792 ad
932 4740 1036 4806 plenam
1047 4741 1176 4792 lectorum
1186 4741 1389 4793 satisfactionem
1398 4742 1537 4807 superflua.

1389 4821 1403 4870 b
