4109 5934
816 749 968 796 ueosoam
990 750 1049 794 reo
1072 748 1215 796 centeno
1515 736 1579 800 bl'l

450 881 723 946 condemnabimus
741 881 913 960 imperitiae
931 888 959 942 et
975 880 1154 958 impietatis,
1169 879 1252 959 quod
1268 879 1451 942 admiserint
1468 881 1581 960 impos·

341 1051 344 1068 .
449 998 551 1061 sibilia
572 1008 600 1060 et
623 999 802 1077 pupuautia
825 1006 854 1060 et
875 997 978 1077 salsa,
1002 1006 1037 1059 ut
1061 995 1260 1060 Aristotelem
1283 994 1482 1077 defendamus
1501 1008 1529 1060 et
1541 1000 1580 1060 iu

447 1115 626 1179 cutbedrum
644 1112 760 1176 Christi
776 1131 929 1194 ponamus
953 1132 1046 1195 super
1069 1123 1192 1178 sanctos
1217 1113 1377 1177 doctores?
1400 1112 1490 1176 Absit
1507 1126 1579 1177 tan-

447 1239 514 1294 tum
535 1229 635 1294 scelus
657 1238 685 1293 et
709 1229 894 1294 stultissima
916 1231 1059 1294 caecitas.
1086 1229 1164 1292 item
1192 1248 1257 1294 nan
1281 1238 1382 1310 potest
1409 1231 1580 1294 secundum

446 1348 639 1413 Aristotelem
661 1350 736 1429 poni
758 1365 842 1429 apua
864 1366 959 1429 super
982 1350 1078 1412 caelos
1103 1348 1165 1411 ullo
1188 1349 1298 1424 modo,
1321 1350 1382 1412 nisi
1405 1350 1446 1412 ad
1469 1351 1578 1431 aequi·

446 1468 649 1539 uocationem,
670 1468 700 1530 si
720 1476 884 1547 ponantur
905 1468 1082 1549 spirituales
1105 1486 1224 1550 apuueo
1243 1466 1306 1532 Sed
1328 1470 1383 1533 loc
1402 1469 1580 1550 exploditur

444 1580 486 1644 ad
507 1582 650 1645 omnibus
669 1582 836 1663 patribus:
859 1600 934 1647 nam
955 1585 1052 1648 etiam
1078 1584 1251 1664 corporales
1280 1585 1428 1648 univocos
1458 1593 1578 1665 oportet

443 1715 582 1779 ponere,
604 1701 633 1762 sl
654 1700 782 1762 uelimus
811 1697 984 1766 Cltristioni
1007 1719 1070 1764 esse
1093 1710 1121 1764 et
1145 1719 1209 1765 uon
1232 1700 1430 1766 Aristoteliai.
1455 1699 1498 1764 m
1519 1719 1578 1782 pro

448 1815 536 1878 nobis
562 1823 636 1879 sunt
662 1817 756 1880 etiam
783 1814 920 1881 Balbini
942 1815 1100 1889 Hebraei,
1124 1827 1152 1879 et
1178 1814 1362 1899 Pptoporici
1383 1816 1580 1898 pbilosopltir

449 1930 562 1996 nedum
584 1931 721 1998 Basilius
750 1942 779 1998 et
805 1933 992 1998 Ambrosius
1015 1952 1089 1998 aum
1105 1934 1175 1998 aliis
1197 1934 1339 2014 patribus
1363 1942 1392 1997 et
1416 1934 1578 1998 rebulosti-

446 2049 500 2112 cis.
526 2048 606 2113 Item
621 2062 732 2116 contra
749 2060 900 2134 utrosque
928 2052 1098 2114 sententias
1117 2051 1253 2115 remedia
1280 2068 1389 2115 earum
1408 2053 1576 2132 pornipen-

448 2164 522 2230 dem
546 2165 586 2230 D.
606 2164 740 2233 Tbomcs
763 2170 827 2251 ait,
862 2169 1045 2250 impossibile
1073 2186 1136 2232 esse
1162 2186 1290 2250 naporm
1324 2187 1339 2231 e
1369 2176 1455 2232 terra
1487 2165 1580 2252 super

445 2283 563 2348 coelum
582 2284 737 2350 sidereum
760 2288 885 2363 eleomi,
907 2289 934 2351 si
955 2289 994 2350 sit
1017 2281 1053 2350 de
1072 2289 1185 2369 quinto
1202 2289 1336 2351 essentia
1355 2297 1411 2349 cut
1433 2287 1578 2365 ipueum:

447 2401 509 2466 imo
531 2403 647 2479 elium,
669 2404 697 2466 si
719 2414 795 2468 esset
818 2406 854 2468 de
878 2416 995 2469 natura
1018 2413 1156 2486 quatuor
1178 2406 1420 2477 elementorum·
1449 2411 1515 2466 tum
1538 2403 1577 2467 ob

446 2517 640 2592 distantiam,
664 2528 732 2582 tum
754 2521 831 2600 quia
852 2527 1019 2585 mutantur
1042 2521 1075 2581 in
1098 2519 1187 2583 aliud
1208 2538 1275 2594 eus,
1294 2531 1323 2583 et
1339 2538 1403 2584 non
1418 2528 1494 2583 sunt
1515 2520 1577 2582 mi·

447 2637 555 2701 nutiae
576 2653 755 2718 aquarum,
781 2638 843 2700 uisi
866 2637 952 2718 apud
973 2635 1201 2718 Anaaaporam
1223 2648 1252 2701 et
1276 2636 1516 2718 Empedoclem.-
1540 2636 1576 2699 de

447 2751 560 2832 puibut
586 2751 660 2815 olibi
686 2751 925 2835 disputavimus.
949 2749 992 2814 At
1015 2754 1178 2817 siliarum
1199 2754 1377 2834 opinionem
1403 2761 1581 2831 sectemur,

445 2870 695 2951 sufficiteleoare
717 2887 758 2934 en
780 2870 934 2935 sideribus
967 2872 1041 2952 ipsis
1073 2889 1222 2952 sopores,
1250 2873 1279 2934 si
1305 2881 1381 2934 sunt
1409 2880 1579 2951 epitomata

446 2986 543 3069 puolo·
558 2997 715 3064 nostrum,
737 3008 778 3054 etc
800 2998 938 3073 quotuor
961 2989 1127 3054 elementis.
1171 3055 1173 3058 Α
1229 3054 1231 3058 .

485 3112 487 3117 “
536 3103 675 3170 Tandem
706 3108 789 3189 pund
820 3108 907 3173 addit
932 3107 971 3171 D.
993 3106 1127 3175 Thomas
1151 3129 1192 3175 ec
1215 3110 1397 3191 Aupustino
1415 3129 1475 3191 pro
1497 3108 1576 3175 Ari-

444 3225 545 3287 stotele
568 3225 691 3297 tuendo,
715 3242 780 3289 nou
803 3228 969 3309 satisfacit.
988 3224 1061 3292 Nan
1077 3229 1161 3290 euim
1179 3226 1302 3312 Moyses
1318 3245 1375 3309 per
1392 3230 1575 3312 firmamen-

446 3340 841 3426 tumdiniditmoteriam
876 3345 1035 3424 primam,
1062 3344 1117 3408 sed
1141 3363 1242 3427 aquas
1270 3362 1380 3416 ceras.
1409 3355 1445 3409 ut
1470 3362 1576 3410 omnes

443 3465 547 3537 patres
571 3468 734 3525 testantur.
756 3460 800 3526 Et
824 3462 996 3528 absurdum
1019 3463 1143 3528 uidetur
1158 3464 1257 3527 dicere
1274 3463 1394 3528 David:
1412 3464 1477 3542 Qui
1495 3464 1577 3546 tegis
1660 3503 1662 3507 -

445 3577 541 3656 aquis
567 3580 736 3659 superiora
758 3582 839 3662 ojus,
862 3580 971 3654 idest,
994 3583 1131 3644 materia
1149 3581 1253 3661 prima
1276 3582 1351 3659 tepis
1375 3580 1514 3643 coelum:
1546 3588 1574 3645 et

445 3693 580 3759 iterum:
604 3699 718 3777 Aquae
740 3715 837 3781 super
859 3700 968 3763 coelos
992 3700 1128 3765 laudent
1159 3716 1277 3764 nomen
1310 3699 1453 3762 Domini.
1487 3694 1575 3772 oue»

444 3810 534 3874 modo
555 3811 639 3876 enim
661 3831 716 3878 ens
737 3814 882 3895 informe,
901 3823 930 3879 et
944 3833 1041 3896 prope
1065 3816 1156 3889 nibil,
1181 3814 1283 3879 laudet
1306 3812 1421 3884 Deum,
1447 3814 1509 3876 nisi
1529 3813 1576 3877 nel

441 3929 567 4009 proprie
589 3931 741 3996 rationale
763 3934 823 4005 sit,
848 3942 883 3997 ut
905 3951 1025 4017 aqueus
1047 3933 1178 4015 anpelus
1201 3931 1373 3997 secundum
1398 3927 1574 4009 Oripcnem,

439 4044 489 4108 uel
511 4055 660 4112 mnotum
679 4050 910 4130 pulchritudine
934 4053 1045 4128 nimia,
1068 4051 1150 4116 unde
1172 4053 1241 4116 laus
1266 4049 1325 4114 Dei
1345 4049 1575 4130 manifestetur,

444 4170 474 4225 et
504 4163 630 4230 dicotur
659 4166 788 4232 laudare
819 4187 875 4247 per
905 4171 1180 4251 prosopopoeiam,
1204 4178 1238 4233 ut
1261 4167 1387 4250 ecpouit
1415 4164 1575 4230 Basilius?

443 4278 613 4347 Praetereo
633 4284 709 4365 puid
725 4286 799 4349 miri
817 4300 977 4353 narrasset
1001 4286 1137 4370 Moyses,
1152 4295 1209 4351 out
1224 4286 1302 4368 quid
1316 4285 1477 4355 docuisset,
1501 4296 1572 4345 cum

439 4415 497 4479 per
513 4401 746 4482 firmamentum
769 4403 877 4468 diuidit
900 4423 1001 4487 aquas
1024 4406 1065 4470 ab
1086 4406 1198 4486 opuis,
1222 4405 1250 4468 si
1273 4404 1437 4468 materiam
1459 4419 1480 4466 a
1502 4418 1572 4464 mo·

444 4516 541 4580 teria?
563 4516 678 4584 Palam
699 4530 744 4585 est
766 4522 869 4597 etiam,
886 4523 980 4604 quod,
997 4542 1077 4606 puae
1094 4524 1152 4586 sub
1170 4526 1366 4607 pinnamento
1383 4538 1473 4584 cerae
1495 4525 1591 4593 sunt,

442 4632 593 4713 immotae
615 4654 728 4720 aquae,
751 4649 787 4703 ut
811 4641 936 4703 morio:
958 4659 1032 4720 erpo
1053 4639 1173 4721 alipmd
1195 4639 1256 4703 tale
1276 4654 1372 4719 super
1392 4640 1572 4720 pirmcmeu·

444 4758 521 4816 tum.
546 4752 715 4821 Distiuctio
738 4758 821 4822 enim
843 4759 926 4822 inter
950 4775 997 4822 res
1020 4757 1156 4837 ejusdem
1179 4757 1299 4838 penoris
1323 4765 1376 4829 est,
1402 4774 1465 4820 non
1490 4757 1574 4824 tuter
