4109 5934
723 776 858 826 errauit
881 781 923 827 er
944 781 1165 831 terrenarum
1187 784 1235 830 ir.
1262 767 1347 833 1613
1547 771 1609 836 lli

537 904 602 967 llan
632 910 735 969 autem
767 909 886 971 radices
917 910 988 972 aliis
1017 912 1281 976 observationibus
1311 923 1519 996 comparatas,
1551 937 1616 981 ma-

456 1011 533 1073 ximi
556 1010 701 1070 momenti
727 1009 948 1074 correctionem
976 1009 1136 1074 Galilaeuo
1168 1021 1399 1093 argumentatus
1420 1022 1465 1079 est
1490 1035 1548 1097 pro
1566 1026 1615 1093 Q),

456 1110 613 1189 aliamque
643 1109 767 1172 levioris
788 1109 931 1188 ponderis
962 1128 1018 1190 pro
1038 1115 1086 1183 (6),
1107 1113 1196 1195 cujus
1227 1116 1320 1177 etiam
1352 1123 1453 1180 motus
1484 1118 1612 1182 diurnos

454 1209 655 1281 rectificavit,
675 1210 764 1273 sicuti
786 1211 926 1274 ridemus
947 1211 978 1273 io
1000 1211 1121 1275 Tabula
1141 1213 1178 1275 E.

534 1309 712 1375 constitutis
733 1311 841 1392 igitur,
863 1319 966 1392 utpote
986 1313 1093 1388 rectis,
1113 1315 1219 1393 positis
1249 1315 1426 1381 satellitum
1452 1335 1509 1399 pro
1528 1320 1612 1381 diei

454 1412 594 1475 tannarii
618 1411 696 1472 1610
716 1411 748 1473 in
769 1413 967 1490 sequentibus
988 1412 1151 1492 gradium:

642 1766 715 1812 3333
870 1768 941 1813 lm)
1104 1702 1192 1814 ”OQ
1348 1772 1420 1818 unte

450 2006 613 2073 Galilaeua
642 2010 889 2073 constitutionem
919 2011 1100 2074 corumdem
1122 2013 1152 2074 in
1174 2012 1308 2074 meridie
1330 2014 1343 2073 t
1368 2013 1507 2077 Januerii
1533 2015 1610 2077 1613

449 2110 635 2192 investigare
656 2112 756 2192 eoepit
777 2112 835 2173 hoe
855 2112 991 2177 calculo:

680 2402 749 2456 1613,
768 2399 813 2447 ute
833 2403 842 2446 1
861 2400 975 2447 16666111
992 2400 1017 2446 iu
1031 2397 1146 2447 meridie.
1163 2397 1219 2459 (cti.
1239 2403 1283 2447 roo
1300 2400 1378 2458 terpo)

702 2552 765 2600 Sunt
779 2567 792 2601 a
805 2552 899 2598 ltadico
917 2552 1039 2601 61116166
1057 2552 1192 2615 hircumque
1203 2553 1257 2600 «lieo
1276 2557 1343 2600 11181.

617 2733 765 2784 tialeulatur
781 2735 870 2783 Raetii.

652 2817 714 2866 Dira
773 2817 806 2868 24

755 2893 810 2941 363

754 2971 809 3018 363

752 3044 808 3092 336

642 3126 815 3135 ——--—

700 3283 742 3331 19.
784 3281 798 3329 l
876 3284 936 3333 116.
961 3287 994 3334 10
1019 3278 1023 3376 h
1069 3285 1132 3333 261.
1156 3285 1192 3332 33
1266 3280 1329 3332 2511.
1354 3279 1386 3331 13

697 3358 741 3406 73.
763 3358 796 3407 31
872 3360 935 3410 182.
977 3358 992 3407 4
1087 3360 1133 3408 tte.
1157 3359 1192 3408 19
1264 3358 1328 3407 279.
1352 3354 1383 3404 ll

696 3435 741 3483 30.
763 3434 799 3484 tu
872 3436 936 3486 191.
958 3435 993 3484 29
1090 3433 1136 3482 92.
1158 3436 1192 3484 19
1268 3432 1331 3482 193.
1353 3431 1389 3481 28

697 3510 741 3559 33.
763 3511 798 3559 33
874 3507 937 3558 122.
978 3509 995 3555 0
1070 3504 1134 3557 226.
1156 3506 1192 3557 20
1284 3505 1329 3556 53.
1352 3504 1388 3553 to

835 3588 1412 3605 *Μ

873 3623 938 3672 err.
957 3620 993 3672 ra
1042 3595 1133 3671 ’66
1157 3624 1191 3672 nr
1267 3624 1331 3674 mr.
1353 3623 1387 3672 ra

521 4033 588 4097 llao
601 4054 681 4098 nova
696 4037 798 4099 radice
813 4055 906 4100 trevas
920 4037 1126 4117 computando
1139 4037 1305 4107 serotinae,
1322 4052 1400 4113 quas
1413 4034 1604 4109 observabat,

442 4136 607 4214 positiones
638 4136 826 4212 Satellitum,
858 4156 926 4201 eom
948 4156 1059 4201 rursus
1091 4136 1328 4199 modificandam
1364 4136 1505 4214 cognovit
1541 4154 1604 4198 res-

443 4242 531 4314 pectu
552 4236 592 4300 ad
617 4240 650 4310 (2)
671 4244 702 4300 61
724 4247 757 4315 m)
781 4245 813 4302 et
835 4246 885 4317 Θ,
909 4241 1034 4303 retentis
1061 4236 1256 4301 solummodo
1283 4235 1424 4297 terminis
1449 4240 1495 4309 (D,
1516 4236 1604 4318 cujus

444 4345 543 4401 metue
566 4339 690 4419 (utpote
715 4342 768 4420 qui
801 4341 881 4403 inter
910 4359 1018 4404 ornnes
1048 4337 1250 4419 opportunior
1279 4341 1325 4398 est
1345 4340 1378 4397 ut
1408 4334 1605 4416 investigetur

442 4445 568 4517 propter
587 4455 715 4501 suarum
737 4440 965 4502 revolutionum
996 4435 1217 4516 frequentiam)
1239 4435 1278 4496 ab
1298 4435 1365 4514 ipso
1385 4435 1474 4496 initio
1493 4435 1602 4517 majori

443 4541 640 4601 accuratione
660 4541 867 4603 constituerat.

520 4637 654 4702 Easdem
681 4641 765 4704 cirea
789 4641 866 4714 dies,
887 4639 1005 4702 auxilio
1032 4634 1263 4699 Observationis
1290 4632 1331 4694 22
1357 4632 1497 4698 ianuarii
1515 4635 1602 4711 1613,

443 4741 664 4802 correctionem
680 4741 817 4819 aliquam
833 4741 865 4802 in
879 4743 981 4802 motus
1002 4737 1120 4801 medios
1130 4741 1163 4808 6)
1175 4743 1206 4803 61
1219 4741 1254 4813 Θ
1274 4735 1442 4819 perspexit,
1465 4741 1605 4800 constru-

445 4841 549 4919 xitque
570 4841 722 4905 Tabulam
744 4840 786 4916 E,
807 4842 896 4905 sicuti
918 4841 1198 4907 demonstravimus
1219 4860 1288 4923 pag.
1310 4838 1357 4901 tt.
