4109 5934
447 715 511 779 tto
830 729 1027 776 otssmmmo
1049 730 1180 778 assessu

443 872 472 926 et
493 862 539 926 oet
561 881 581 934 a
602 863 659 943 fide
683 862 737 924 tihi
757 862 946 948 perhibenda
966 863 1149 944 prohibeat,
1172 865 1219 928 oet
1241 865 1283 927 ad
1305 867 1567 930 contemnendam

441 997 522 1062 qaae
543 981 694 1044 hactenns
717 981 840 1044 eratin
858 983 973 1062 precio,
992 980 1218 1064 philosophiam
1240 982 1384 1065 impetat.

532 1097 676 1162 Primam
699 1099 790 1163 tihehi
813 1101 860 1162 tni
882 1108 976 1181 capnt
998 1101 1035 1164 in
1056 1100 1179 1181 sahrica
1198 1101 1365 1183 perspicitis·
1398 1112 1569 1178 certator,

443 1225 550 1281 tantae
573 1215 697 1297 quidem
718 1215 880 1297 efficaciae,
897 1224 933 1279 set
951 1234 1017 1281 rem
1034 1219 1193 1298 spectanti
1211 1218 1320 1283 mihies
1336 1220 1486 1283 exhibeat
1499 1238 1572 1284 ma-

436 1334 503 1413 jori
522 1333 670 1413 planitie,
694 1331 777 1413 qnod
799 1340 865 1395 tam
887 1334 921 1414 fit
944 1333 973 1394 si
994 1332 1145 1397 diameter
1167 1334 1267 1397 tricies
1287 1335 1332 1398 his
1354 1346 1571 1416 repraesente-

442 1461 495 1514 tnr
518 1449 646 1531 tonpior.
672 1446 763 1525 Qnod
784 1451 811 1511 si
832 1449 965 1529 sacnttas
984 1451 1196 1515 aestimatoria
1222 1461 1327 1516 manet
1351 1455 1387 1516 in
1410 1457 1569 1537 sententia

441 1577 605 1634 consuetae
628 1569 870 1649 mapnitndt'nis,
889 1587 1009 1633 necesse
1033 1579 1078 1634 est
1100 1571 1130 1633 ei
1153 1579 1228 1635 tanc
1251 1588 1317 1635 rem
1339 1571 1441 1635 videri
1465 1574 1568 1637 tricies

442 1689 485 1750 his
505 1687 688 1768 propiorem.
713 1685 905 1751 Distantiam
928 1688 1010 1750 enim
1032 1687 1142 1752 ocnha
1165 1707 1231 1753 nan
1253 1690 1336 1753 sidet
1358 1691 1413 1754 sed
1433 1692 1569 1773 conjicit,

441 1814 477 1870 nt
499 1806 605 1871 docent
630 1805 744 1886 Optiei.
768 1803 819 1869 Da
842 1807 926 1869 enim
941 1808 1097 1871 hominem
1111 1808 1247 1889 ahionem
1261 1809 1365 1872 ohmse
1380 1809 1483 1873 trihus
1496 1811 1569 1874 ssit-

443 1923 522 1989 tihas
544 1932 573 1987 et
595 1925 736 1988 docentis
756 1925 923 2004 passibas,
946 1926 1045 1988 videri
1067 1944 1140 1990 cero
1166 1927 1226 1990 enh
1247 1928 1364 2007 attonio
1395 1929 1499 1992 tricies
1522 1930 1567 1992 his

441 2043 612 2124 majorem,
636 2052 670 2106 nt
703 2042 829 2108 videtne
861 2044 942 2108 otios
975 2045 1044 2107 sine
1075 2045 1247 2127 perspicitis
1273 2053 1399 2109 centnm
1419 2045 1567 2126 possitne

440 2161 573 2225 absent:
595 2178 667 2225 cnm
689 2168 808 2224 certnm
830 2161 941 2225 haheat
963 2161 1093 2234 comas,
1121 2161 1276 2226 hondmm
1296 2162 1388 2226 iiiam
1410 2170 1564 2226 minatam

440 2278 550 2341 hahere
573 2287 755 2342 consuetam
785 2279 1059 2360 mopnitndinem‚
1084 2279 1218 2344 censebit
1241 2298 1306 2344 non
1328 2280 1468 2361 pinrihne
1491 2299 1567 2344 een·

440 2406 508 2458 tnm
529 2397 633 2460 abesse
654 2398 808 2479 passihns,
831 2396 1003 2477 adjacente
1020 2407 1049 2461 et
1067 2396 1288 2480 clarificatione
1301 2398 1432 2462 Mona
1447 2400 1569 2481 perspi·

441 2514 508 2578 cide
526 2524 713 2594 procurata.

528 2629 713 2695 Incredibile
735 2631 842 2696 moitis
865 2633 988 2696 videtne
1011 2633 1199 2714 epichirema
1218 2643 1282 2697 tam
1299 2634 1432 2715 athenais
1445 2636 1568 2717 perspi·

439 2749 524 2820 csta,-
545 2756 579 2811 at
601 2749 787 2832 impossihile
810 2760 866 2813 ant
889 2768 1007 2814 menen
1030 2769 1233 2834 nepnapaom
1255 2759 1323 2823 est:
1344 2770 1401 2816 nec
1425 2770 1570 2835 nnpesa

438 2866 545 2946 Betpio
564 2867 691 2948 prodiit,
714 2867 768 2930 sed
791 2876 835 2932 tot
851 2869 923 2949 jam
943 2871 1040 2932 annis
1063 2880 1159 2936 anteo
1176 2870 1337 2953 proditam
1353 2870 1439 2935 odo.
1455 2870 1570 2956 Bapti-

439 2996 490 3050 sta
511 2985 623 3063 Porm,
645 2985 773 3068 Mapiae
801 2989 960 3050 maturatis
984 2988 1035 3051 tto.
1063 2986 1176 3063 XVII.
1199 3007 1267 3071 cap.
1293 2987 1325 3052 X
1348 2989 1385 3053 de
1407 2990 1567 3072 cepstati-

439 3124 498 3170 nae
519 3104 611 3170 ientis
634 3105 807 3188 affectione.
836 3103 935 3187 thue
957 3117 1105 3189 appareat
1122 3127 1162 3172 ne
1176 3108 1429 3190 compositionem
1445 3108 1568 3190 quide·

440 3241 532 3285 cocae
561 3232 590 3285 et
613 3239 770 3286 convenae
793 3225 885 3287 tentis
909 3241 974 3288 esse
997 3241 1135 3296 nmams
1156 3242 1213 3307 ape
1235 3226 1330 3289 recha
1352 3222 1475 3290 Portae
1493 3244 1568 3307 pro·

440 3346 601 3409 ducamus.
623 3342 676 3408 Sic
699 3341 767 3404 itte:

531 3484 546 3518 «
571 3461 678 3524 Posito
698 3461 786 3524 aenio
808 3463 842 3523 in
866 3470 981 3534 centro,
1000 3471 1084 3522 retra
1103 3462 1227 3534 tentem,
1250 3479 1331 3541 qnae
1354 3472 1479 3526 remota
1500 3465 1568 3544 sne—

443 3607 457 3638 »
483 3582 548 3641 rint
571 3580 648 3643 adeo
667 3581 848 3661 propinqua
867 3578 992 3650 videtis,
1016 3587 1050 3639 ut
1075 3580 1167 3658 quasi
1190 3596 1288 3641 mann
1311 3589 1504 3659 eatanpere
1522 3582 1568 3643 ci-

442 3726 456 3759 »
483 3699 595 3774 demis,
618 3709 653 3762 nt
676 3699 763 3762 valde
782 3706 914 3761 remotos
938 3712 1105 3777 capnoscas
1130 3698 1269 3760 amicos:
1294 3696 1401 3760 literar
1424 3699 1566 3779 epistotae

442 3844 457 3879 »
483 3822 517 3881 in
540 3819 641 3882 dehita
664 3818 814 3882 distantia
837 3817 998 3880 cottocaece
1020 3815 1096 3878 adeo
1118 3833 1251 3895 mopnas
1275 3815 1413 3889 videbis,
1439 3827 1476 3879 nt
1496 3834 1566 3896 per·

443 3963 457 3997 »
483 3939 587 4018 spicae
611 3936 701 4016 lepos.
726 3934 763 3997 Si
787 3935 896 3996 tentem
920 3934 1109 4005 inclinabis.
1133 3943 1167 3995 nt
1188 3950 1245 4013 per
1266 3933 1430 4014 ohtiqnnm
1454 3936 1564 4015 episto·

442 4083 458 4114 »
484 4056 544 4118 tam
568 4056 723 4134 inspicias,
748 4053 853 4114 literas
878 4054 952 4113 satis
977 4050 1168 4128 majusculas
1193 4049 1317 4122 videbis,
1342 4058 1378 4111 nt
1401 4053 1495 4114 etiam
1510 4067 1563 4133 per

442 4200 457 4234 »
483 4177 595 4252 cipinti
615 4191 727 4253 passos
752 4182 883 4233 remotas
909 4172 1001 4248 tepas.
1027 4170 1068 4232 Et
1092 4171 1118 4231 si
1143 4169 1244 4231 lentos
1267 4168 1491 4250 multiplicare
1506 4187 1563 4232 no-

442 4319 456 4351 »
484 4294 580 4367 voris,
604 4311 667 4355 non
693 4309 806 4354 serem
829 4289 907 4368 quin
933 4304 988 4368 per
1012 4293 1144 4349 centum
1161 4304 1275 4366 passus
1293 4286 1470 4350 minimam
1491 4288 1563 4349 lite·

441 4439 455 4471 »
481 4430 552 4474 sam
574 4411 792 4491 conspiceris;
810 4418 844 4469 ut
868 4425 907 4468 ece
931 4424 996 4468 sena
1019 4407 1054 4465 in
1077 4406 1208 4468 atteram
1230 4404 1365 4482 majores
1388 4404 1563 4468 reddantur

442 4554 456 4586 υ
482 4540 662 4592 caracteres.
689 4527 908 4591 Dehittsoisns
933 4524 1082 4585 eccisus
1108 4521 1259 4600 qaatitote
1287 4518 1417 4598 specith's
1443 4528 1560 4583 ntatns.

441 4668 456 4701 »
487 4642 549 4716 Qni
572 4645 604 4705 id
626 4656 727 4708 rectae
749 4643 869 4704 sciverit
889 4639 1095 4710 accomodare,
1120 4654 1184 4700 non
1204 4653 1340 4716 parcam
1363 4639 1561 4700 nanciscetur

441 4786 456 4820 »
483 4773 644 4824 secretam.
670 4762 828 4825 Conconne
855 4762 959 4834 tentes,
983 4779 1063 4840 qaae
1088 4758 1174 4838 tonos
1198 4767 1282 4825 sanet.
1300 4756 1472 4820 charissime
1494 4770 1558 4816 cer·
