4109 5934
542 881 778 998 PATRIS
817 890 1157 1003 VlNCENTll
1197 894 1499 1020 RENlERll

498 1148 500 1150 ’
610 1155 724 1213 cruca
742 1158 847 1214 totis
867 1158 1096 1216 satuimus
1115 1161 1433 1221 tucuhnsrtoltns

939 1396 1113 1425 w*—

765 1586 842 1650 RES
863 1584 1283 1656 ANIMADVERTENDAE.

551 1886 607 2031 Iu
631 1966 798 2046 proaemio,
817 1966 904 2046 quod
926 1967 1211 2035 lucubrationibus
1226 1971 1364 2036 Galilaei
1384 1975 1474 2036 circa
1491 1975 1582 2039 lovis
1622 1965 1629 1977 '

456 2081 620 2149 satellites
642 2101 663 2148 a
685 2085 778 2149 nobis
801 2086 1023 2165 praepositum
1044 2087 1117 2161 luit,
1136 2089 1218 2155 adeo
1237 2091 1341 2154 multa
1356 2092 1396 2154 de
1414 2093 1582 2156 vicissitu-

458 2201 591 2266 dinibus
614 2201 843 2267 llenieriarnm
866 2204 990 2269 dehac
1017 2223 1052 2268 re
1087 2207 1290 2283 chartarum,
1313 2226 1493 2290 earumque
1522 2230 1581 2274 oc-

455 2318 649 2396 cultatione,
668 2337 818 2401 novaque
834 2323 1038 2403 apparitione
1053 2343 1131 2388 curn
1147 2327 1266 2389 studiis
1281 2327 1484 2392 Galilaeauls
1503 2347 1582 2392 con-

450 2443 615 2520 gruente,
637 2437 765 2521 loquuti
787 2456 923 2516 sumus,
957 2447 994 2503 ut
1018 2442 1112 2521 plura
1139 2442 1192 2505 hic
1227 2442 1345 2507 addere
1380 2461 1580 2524 supervaca-

456 2571 556 2619 neum
580 2556 709 2636 penitus
732 2556 894 2619 videatur.

542 2674 654 2756 Neque
675 2677 786 2741 omnia
808 2678 923 2741 eximii
945 2680 1052 2742 Patris
1075 2677 1129 2742 bic
1152 2680 1262 2744 studia
1280 2680 1473 2760 prolereudn
1487 2682 1579 2762 judi·

451 2796 625 2867 cavimus,
649 2814 726 2860 cum
749 2796 790 2859 ad
813 2796 1015 2878 propositum
1037 2804 1188 2862 nostrum
1211 2797 1405 2864 Galilaeana
1426 2800 1579 2864 omnihus

452 2914 599 2978 numeris
620 2915 798 2979 absolvisse
820 2913 995 2978 suffecerit.
1031 2915 1099 2978 Hoc
1134 2933 1213 2980 vero
1245 2933 1285 2980 eo
1317 2916 1472 2981 libentius
1499 2917 1579 2980 leci-

452 3050 547 3108 tuus,
574 3034 662 3114 quod
684 3035 854 3097 Renierius
889 3051 1005 3114 parum
1040 3035 1074 3097 in
1107 3034 1170 3098 hac
1193 3052 1229 3098 re
1250 3035 1382 3116 proprio
1419 3035 1577 3116 magistro

451 3154 624 3233 praestitit.
649 3152 758 3230 Quare
780 3152 854 3217 illas
876 3153 1050 3217 dumtaxat
1071 3155 1317 3218 observationes
1334 3153 1578 3226 exhibebimus,

449 3288 532 3350 quas
555 3277 613 3334 ant
635 3273 704 3351 ipse
725 3271 861 3353 selegit,
883 3276 942 3333 aut
963 3288 1022 3334 nos
1045 3273 1079 3333 iu
1102 3272 1227 3335 chartis
1249 3271 1466 3344 inordinatis,
1488 3288 1576 3351 quae

450 3390 483 3454 in
517 3390 636 3456 Codice
669 3391 711 3455 Vl
745 3389 866 3455 Classis
898 3390 940 3454 tlt
974 3389 1274 3470 manuscriptorum
1308 3388 1576 3454 Galilaeanorum
1675 3412 1676 3415 ¹

449 3512 601 3581 exstem,
624 3507 832 3581 invenimus,
855 3505 1042 3587 praemissis
1076 3504 1274 3584 quibusdam
1308 3506 1576 3569 annotationibus

448 3639 491 3687 ex
514 3621 718 3685 accuratiore
741 3619 874 3683 illarum
896 3619 1088 3684 chartarum
1110 3619 1263 3682 examine
1288 3619 1383 3682 nobis
1397 3621 1576 3685 obvenien-

448 3738 547 3811 tibus,
569 3739 739 3818 perpaucis
761 3738 862 3800 etiam
885 3735 1033 3818 adjectis,
1055 3752 1139 3815 quae
1161 3735 1278 3799 doctus
1300 3736 1396 3799 Pater
1438 3753 1574 3817 compa-

448 3872 521 3919 rare
547 3856 732 3936 incoeperat
766 3856 808 3919 ad
835 3871 932 3919 soum
960 3854 1050 3918 cirea
1084 3853 1201 3919 Stellas
1235 3853 1401 3919 Medieens
1436 3855 1574 3918 Tracta·

447 3980 519 4037 tum
555 3973 640 4052 typis
662 3970 899 4044 mandandum,
916 3969 1014 4051 Juxta
1038 3970 1287 4050 promissionem
1310 3969 1440 4034 anobis
1457 3967 1576 4032 laetam

447 4089 481 4151 in
499 4091 655 4170 prommio
678 4089 826 4168 superius
852 4088 1007 4163 indicato,
1031 4105 1104 4169 pag.
1129 4105 1195 4150 xru.

535 4204 607 4282 Quo
634 4211 800 4287 tempore,
835 4222 964 4284 quaque
997 4206 1240 4286 opportunitate
1273 4204 1445 4268 Renierius
1479 4202 1569 4265 hisce

443 4327 562 4391 studiis
594 4342 718 4390 navare
751 4341 883 4408 operam
918 4325 1072 4405 coeperit,
1107 4324 1246 4388 anobis
1266 4322 1397 4405 jamdiu
1420 4320 1569 4384 declara-

446 4452 516 4509 tum
536 4452 595 4510 est.
621 4445 672 4509 Ex
693 4445 807 4509 multis
830 4445 901 4525 ejus
923 4442 1070 4525 epistolis
1092 4443 1134 4506 ad
1156 4441 1339 4509 Galilaeum
1363 4441 1495 4514 missis,
1525 4441 1568 4503 ab

442 4580 528 4628 anno
554 4563 639 4632 root
662 4567 703 4630 ad
725 4581 849 4630 annum
876 4562 972 4635 tort,
995 4579 1015 4626 a
1038 4562 1196 4642 nobisque
1218 4561 1252 4623 in
1275 4560 1383 4624 lucem
1414 4559 1510 4623 editis
1534 4561 1569 4622 in

443 4682 609 4749 volumine
632 4684 826 4752 commercii
853 4682 1045 4764 Epistolaris
1065 4679 1192 4756 ultimo,
1213 4686 1344 4761 apparet
1360 4695 1459 4760 quarn
1479 4678 1566 4744 aeri-
