4109 5934
448 755 513 820 622
873 765 998 812 ioannis
1022 763 1157 812 asennaa

448 903 511 966 luit
532 906 660 965 motum
682 899 782 973 huno,
805 897 863 961 sed
885 902 1123 960 mammosam.
1148 892 1272 975 Kepler.
1296 893 1371 959 Non
1386 896 1530 976 equidem
1552 915 1592 961 eo

447 1039 491 1093 re,
515 1017 599 1101 puod
621 1016 802 1099 trajectoria
824 1025 910 1079 recta
929 1032 1008 1097 prae
1027 1014 1144 1078 circulo
1158 1013 1353 1096 difficultates
1367 1015 1491 1097 aliquas
1509 1025 1589 1079 esset

448 1139 613 1202 habitura:
634 1135 685 1198 sed
709 1136 785 1218 quia
807 1133 892 1196 aelnt
924 1132 1099 1214 oppositum
1133 1139 1177 1194 est
1213 1132 1248 1195 in
1278 1131 1424 1207 adiecto,
1449 1131 1587 1197 Cometae

448 1261 566 1317 matum
585 1267 643 1333 per
665 1250 881 1331 troJ'ecloriam
903 1247 1037 1319 salvare,
1061 1256 1091 1311 el
1112 1247 1328 1327 traiectoriom
1351 1251 1457 1330 mam
1472 1268 1489 1312 e
1507 1259 1587 1315 terra

448 1369 584 1433 educere.
608 1366 732 1431 Scilicet
756 1367 811 1430 lae
834 1367 938 1447 ipsam
960 1366 1044 1427 inter
1065 1381 1178 1429 caenas
1201 1365 1279 1446 luit,
1300 1383 1360 1429 cur
1382 1375 1509 1431 motum
1533 1367 1590 1431 Co-

447 1495 546 1548 melae
571 1483 787 1564 traiectorium
809 1482 1005 1544 rectilineum
1029 1480 1209 1553 tribuerim:
1242 1482 1326 1563 quod
1354 1490 1431 1546 asle
1455 1485 1591 1547 constitit

340 1591 343 1595 ’
451 1601 607 1665 Comatam
629 1620 644 1663 e
669 1608 756 1662 terra
778 1617 841 1663 nors
864 1598 966 1674 coire,
988 1598 1042 1661 sed
1062 1607 1187 1679 praeter
1210 1608 1328 1661 terram
1353 1599 1452 1680 ferri,
1477 1619 1591 1682 appro-

443 1716 631 1799 pinquando
651 1716 691 1779 ab
714 1733 781 1778 una
801 1714 895 1796 plapa
916 1723 945 1777 et
960 1732 982 1778 a
997 1723 1084 1778 terra
1098 1713 1265 1777 recedendo
1280 1717 1317 1777 in
1332 1714 1481 1778 alerem.
1500 1712 1591 1779 Sars.

446 1834 557 1913 Quare
589 1852 694 1915 nequa
728 1831 901 1912 aequalem
935 1848 1007 1896 essa
1043 1831 1149 1896 voluit
1183 1836 1312 1896 motum
1347 1832 1592 1914 trajectorium.

448 1948 569 2033 Kepler.
596 1949 674 2015 Diui
697 1967 762 2014 nou
784 1964 821 2012 ea
842 1965 886 2020 re,
902 1948 987 2030 quad
1002 1945 1133 2010 uiderim
1151 1947 1356 2029 difficultates,
1373 1946 1430 2011 ted
1443 1966 1495 2023 ea,
1511 1950 1594 2030 qood

446 2070 626 2134 metuerim:
649 2078 677 2132 el
702 2078 736 2131 nt
760 2067 904 2131 laterem
927 2069 984 2130 aas
1007 2065 1197 2129 intensiones
1221 2075 1251 2129 et
1283 2066 1485 2129 remissiones
1508 2066 1527 2149 (
1535 2086 1591 2132 or-

446 2187 570 2251 dinatas
594 2185 718 2269 quidem
726 2185 742 2269 )
765 2185 808 2250 od
828 2201 955 2258 manus,
978 2183 1093 2266 quibus
1116 2199 1176 2259 me,
1196 2183 1225 2246 si
1245 2183 1343 2264 {erret
1367 2200 1453 2255 usur,
1471 2201 1489 2245 e
1505 2183 1590 2265 diffi-

447 2305 615 2369 cultatiiut
633 2304 821 2387 expedirem.
846 2301 888 2366 Al
902 2303 1008 2367 minus
1027 2301 1103 2364 mili
1118 2300 1337 2383 difficultatum
1349 2300 1415 2381 [uit
1432 2300 1590 2365 adiectum

447 2425 480 2486 iu
504 2422 639 2490 Consetis
674 2441 833 2488 annorum
863 2422 965 2495 1472,
991 2420 1218 2496 1577,1580‚
1244 2419 1346 2494 1585,
1374 2419 1586 2493 1590‚1607

445 2552 474 2603 et
501 2542 601 2617 1618,
619 2560 714 2623 quam
738 2541 789 2605 illo
812 2549 967 2623 tempore,
992 2558 1064 2602 cum
1087 2539 1187 2620 aplica
1210 2537 1408 2620 libellumque
1431 2537 1467 2601 de
1499 2538 1588 2600 stella

446 2678 525 2722 noers
548 2659 688 2731 ederem,
714 2669 894 2725 metueram.
919 2656 1009 2722 Sars.
1045 2659 1158 2724 Voluit
1178 2664 1274 2740 motu
1295 2658 1331 2721 in
1354 2658 1521 2739 principio
1556 2665 1589 2720 el

445 2775 508 2838 line
531 2778 718 2848 remissam,
740 2778 881 2841 celerem
905 2779 939 2841 in
959 2778 1078 2842 media.
1102 2776 1222 2858 Kepler.
1238 2776 1277 2839 ld
1294 2777 1346 2840 illo
1362 2775 1493 2857 quidem
1510 2786 1588 2838 tenr-

439 2911 531 2976 pore,
557 2913 619 2958 non
643 2895 783 2976 equidem
805 2896 842 2958 ol
865 2895 1144 2958 demonstrationes
1168 2896 1292 2976 aliquas
1316 2897 1523 2975 peometricas
1548 2913 1589 2958 ea

443 3013 707 3076 obseruationibus
732 3010 887 3084 Comatae:
914 3013 968 3075 sed
989 3031 1030 3076 en
1052 3030 1141 3076 mera
1163 3013 1422 3094 contemplatione
1445 3012 1587 3074 dalidam

442 3150 499 3196 sen
520 3131 642 3213 ipsium
664 3131 899 3214 artificialium,
934 3150 1010 3214 quor
1046 3130 1216 3195 Raltetulos
1251 3127 1406 3196 Germani
1436 3129 1585 3194 dicimur.

443 3249 525 3314 Nam
548 3251 579 3312 m·
601 3251 660 3313 sub
681 3250 882 3331 principium,
904 3252 1032 3332 {lamam
1051 3251 1191 3314 nondum
1210 3261 1356 3330 concepta
1374 3251 1445 3312 totis
1463 3249 1586 3320 brulis,

444 3375 637 3429 cunctantur
659 3384 750 3448 seque
774 3368 862 3430 tarde
885 3368 961 3430 dant
982 3370 1016 3430 in
1041 3378 1176 3439 motusue
1197 3370 1256 3448 fine
1272 3366 1451 3428 durationis
1471 3367 1586 3428 iterum

444 3485 660 3564 lanpnescunt.
693 3483 816 3548 Similia
839 3488 995 3548 cernimus
1019 3488 1111 3548 eliam
1136 3488 1168 3544 in
1194 3485 1307 3552 stellis,
1332 3493 1496 3546 autumno
1520 3503 1586 3545 ma-

442 3605 538 3674 nime,
562 3604 757 3666 cadentibus:
780 3607 836 3666 etsi
858 3606 1018 3683 tanpnoris
1036 3604 1130 3683 lajas
1154 3601 1282 3683 aliquid,
1299 3603 1474 3681 prasertim
1494 3605 1584 3682 finem

443 3738 562 3793 versus,
582 3722 673 3783 etiam
689 3723 785 3800 aptiae
804 3730 900 3800 potest
925 3723 1082 3784 excusari.

533 3835 626 3900 Nurac
647 3848 813 3917 postquam
839 3836 976 3901 Cametas
1011 3839 1100 3901 modo
1129 3846 1381 3902 commemoratos
1421 3840 1581 3907 tractari,

442 3953 559 4016 nnllam
583 3954 750 4015 admodum
774 3973 922 4034 mapnam
945 3957 1064 4035 reperio
1094 3973 1244 4029 cansam,
1269 3972 1326 4016 cnr
1351 3963 1475 4016 molum
1500 3954 1583 4016 lunc

441 4073 633 4135 rectilineum
656 4091 763 4135 versus
789 4083 957 4155 utramque
982 4078 1152 4137 terminum
1182 4073 1409 4154 lampaidiorem
1430 4083 1583 4142 statuam,-

439 4191 545 4271 itaque
563 4191 703 4272 relinquo
721 4193 801 4253 nanc
821 4194 1075 4274 inaequalitatem
1091 4194 1123 4253 in
1140 4194 1242 4256 dubia.

531 4304 619 4370 Sars.
644 4309 738 4371 Hunc
762 4315 889 4372 molum
912 4320 1039 4373 reolum
1059 4319 1228 4392 praeterea
1245 4309 1456 4373 fulciendum
1479 4319 1580 4371 terrae

440 4427 543 4507 ipsius
565 4432 658 4490 motu
681 4428 836 4491 circulari
859 4430 1073 4493 existimavit.
1097 4428 1218 4509 Kepler.
1242 4427 1379 4492 Perinde
1405 4446 1443 4491 ac
1460 4429 1488 4489 sl
1505 4426 1575 4507 qais

440 4545 476 4606 de
500 4545 646 4608 circulari
674 4544 826 4627 Tpcltonis
850 4547 1068 4611 malediceret
1094 4548 1215 4619 eadem:
1244 4549 1328 4611 lunc
1364 4544 1455 4608 illum
1490 4562 1582 4627 prae-

440 4671 521 4725 terea
548 4664 735 4743 fulciendum
771 4669 963 4731 existimasse
999 4678 1085 4730 motu
1123 4670 1216 4730 totius
1251 4665 1417 4728 machinae
1453 4665 1580 4728 diurno.

441 4777 510 4842 Non
533 4785 612 4863 [also
635 4784 768 4865 quidem,
793 4798 826 4849 at
852 4807 949 4868 neque
972 4789 1095 4869 proprie
1119 4787 1271 4855 dicimur,
1297 4786 1445 4866 ltorpitem
1480 4794 1578 4865 tepere
