4109 5934
444 699 486 761 ⁸20
671 694 674 701 '
912 710 1155 761 rnouarurt

529 850 566 918 1⁰
581 851 700 919 Classis
716 851 760 914 lll
777 849 1042 931 supradictorum
1055 847 1146 914 MSS.
1158 847 1270 914 Codex
1287 846 1344 923 lli,
1361 845 1458 928 cujus
1470 846 1618 910 titulus:

441 960 677 1027 Observationes
700 969 729 1023 et
754 958 873 1024 Calculi
888 961 923 1023 in
939 957 1050 1026 Stellas
1073 957 1227 1025 Medicam
1242 977 1264 1021 o
1289 957 1427 1021 Golitoeo
1448 958 1617 1032 instituti,

439 1091 504 1138 non
530 1074 599 1138 sine
624 1073 733 1153 atiquo
764 1068 1010 1152 interruptione,
1037 1069 1078 1134 ob
1104 1086 1157 1131 cn.
1186 1065 1316 1133 Mocx
1346 1065 1515 1148 usquead
1544 1084 1620 1129 on-

438 1200 517 1247 num
529 1178 723 1249 Mocxln.
741 1179 882 1246 Collectio
899 1182 1101 1262 outopropn,
1120 1179 1186 1244 220
1194 1197 1283 1261 pop..
1298 1178 1444 1241 exhibens
1462 1177 1618 1258 sororum

439 1293 618 1359 rationarii.
646 1292 689 1356 In
716 1292 814 1374 cupite
842 1291 938 1374 napus
970 1289 1088 1356 Codicis
1116 1290 1346 1354 etsemetiones
1380 1288 1415 1350 in
1442 1283 1620 1350 Mediccera

439 1401 656 1482 reperiuntur,
674 1417 695 1463 o
714 1398 866 1464 Patribus
890 1395 1056 1463 Sorietotis
1078 1397 1156 1461 lesu
1172 1397 1311 1467 nuditer,
1333 1412 1387 1458 cn.
1406 1389 1560 1467 MDCX,
1580 1401 1617 1455 et

439 1525 461 1571 o
484 1504 622 1573 Gotitoeo
640 1510 847 1592 transcriptae
867 1506 878 1594 (
887 1507 991 1572 Coelen
1006 1504 1161 1592 ineditus)
1175 1504 1231 1592 (l).
1247 1507 1311 1585 Qui
1328 1504 1386 1568 tati
1399 1504 1497 1567 modo
1513 1504 1616 1568 huuc

440 1615 595 1682 Codicem
623 1617 808 1698 descripsit,
831 1618 866 1680 in
889 1633 1036 1680 errorem
1062 1615 1193 1691 incidit,
1220 1616 1308 1678 circa
1337 1612 1614 1678 numerationem

439 1725 591 1791 videlicet
616 1728 814 1809 paginarum
837 1725 925 1800 220;
955 1742 1036 1789 cunr
1061 1743 1097 1789 re
1120 1741 1202 1789 vera
1224 1725 1355 1808 paginis
1374 1724 1440 1787 aad
1462 1729 1609 1787 constet.

440 1830 510 1896 1100
533 1838 660 1906 nutem,
684 1849 791 1912 neque
818 1831 920 1894 etiam
940 1849 999 1914 per
1022 1830 1214 1896 methodum
1237 1830 1272 1895 io
1299 1832 1451 1911 catalago
1472 1828 1616 1891 adnitu-

440 1945 525 2013 tam,
548 1955 617 2019 qua
641 1938 719 2000 lolia
741 1939 883 2022 paginae
903 1939 1126 2020 appellantur,
1150 1947 1255 2023 potest
1276 1938 1446 2022 explicari.

509 2046 606 2108 lluuc
634 2046 826 2110 vocabimus
860 2045 1000 2112 Codicenr
1033 2046 1295 2114 Observationum
1322 2050 1604 2132 Colcutorumpue,

442 2169 521 2216 eoru
544 2152 606 2217 hoe
628 2153 699 2235 ipso
720 2152 887 2220 Galilaeus
917 2156 959 2220 ad
983 2157 1033 2235 id,
1061 2175 1142 2222 rasus
1170 2159 1301 2223 assidue
1327 2159 1444 2232 tuerit3
1476 2159 1615 2224 assidue

441 2264 589 2345 quidem,
602 2266 684 2331 nintl
694 2268 844 2333 obstante
859 2268 961 2349 ipsius
974 2269 1106 2335 Codicis
1120 2265 1378 2343 inordinatione,
1394 2286 1499 2348 quem
1510 2285 1610 2333 nunc

443 2380 549 2459 primo
565 2398 584 2443 a
602 2383 693 2445 nobis
708 2383 849 2458 editum,
873 2402 939 2447 non
964 2385 1034 2447 sine
1058 2401 1181 2465 magno
1202 2382 1313 2445 labore
1334 2388 1431 2462 alque
1447 2399 1612 2463 perseve-

443 2491 571 2561 rantia,
607 2492 830 2554 correximus:
865 2491 954 2570 quod
980 2493 1254 2572 inexpertioribus
1284 2493 1386 2555 etiam
1424 2491 1609 2556 lectoribus

445 2597 581 2660 evidens
605 2597 677 2659 erit.
701 2599 828 2680 aptiori
852 2599 925 2663 loco
947 2599 987 2663 de
1011 2600 1074 2664 lroc
1098 2619 1225 2665 rursus.

533 2703 571 2766 2⁰
594 2704 714 2771 Classis
737 2708 780 2771 lll
802 2708 1006 2791 supradicta,
1030 2709 1142 2776 Codex
1164 2710 1208 2787 V,
1232 2719 1454 2794 nuncupatus:
1477 2707 1599 2776 Calculi

443 2817 479 2878 in
505 2813 617 2881 Stettos
639 2816 809 2882 Mediceoa:
826 2821 1013 2902 outopropt.
1030 2821 1066 2884 in
1082 2821 1160 2902 fot,
1187 2821 1231 2888 80
1246 2824 1373 2904 popinis
1396 2832 1425 2886 et
1444 2821 1608 2885 additione

443 2924 583 2988 duorum
593 2928 813 2992 chartularum
827 2938 952 2993 costons
962 2925 1139 3015 (ineditus)
1153 2927 1209 3018 (2).
1224 2933 1262 2995 ln
1274 2932 1339 2996 hoc
1348 2931 1452 2996 etiam
1462 2931 1609 3015 pagina-

395 3048 399 3052 ’
443 3049 520 3095 rum
535 3037 721 3099 numeratio
733 3036 915 3102 admodum
929 3057 1083 3120 perversa
1094 3047 1154 3117 est,
1166 3041 1246 3124 quia
1269 3057 1335 3105 nou
1348 3046 1425 3105 suot
1441 3040 1500 3116 80,
1516 3040 1605 3105 siout

443 3140 477 3204 in
501 3145 652 3229 catalogo
680 3146 876 3212 adnotatum
897 3156 960 3226 est,
984 3150 1043 3214 sed
1065 3151 1109 3215 ad
1132 3152 1196 3217 170
1223 3158 1412 3216 creverunt.

533 3251 689 3318 Codicern
700 3255 802 3332 huuc,
819 3256 876 3338 qui
899 3259 980 3322 ninii
1003 3259 1094 3323 aliud
1110 3266 1174 3335 est,
1197 3277 1299 3341 qtraru
1315 3259 1479 3341 quaedam
1496 3261 1606 3324 eolle-

442 3364 509 3428 ctio
532 3363 574 3427 ad
596 3365 734 3429 modum
756 3368 937 3449 congeriei,
962 3368 1105 3432 Codicem
1127 3367 1285 3434 Natorum
1308 3367 1559 3450 appellabimus.

535 3470 573 3537 3⁰
595 3473 717 3540 Classis
728 3474 770 3539 lV
783 3478 916 3557 suprad.
931 3477 1021 3544 MSS.
1042 3477 1153 3544 Codex
1165 3477 1227 3553 Vl,
1238 3479 1292 3541 cui
1312 3477 1445 3540 titulus:
1462 3474 1612 3540 Collectio

445 3589 550 3652 notos,
562 3583 694 3662 ponem,
706 3581 900 3664 calcatiusque
911 3587 1151 3660 astronomicas,
1162 3604 1240 3666 quor
1262 3580 1422 3648 Gctitoeus
1440 3602 1504 3647 non
1516 3602 1607 3647 rona·

443 3860 557 3924 respicit.
567 3859 594 3908 ld
604 3861 675 3908 onim
686 3874 792 3924 agemus
803 3861 871 3910 cirea
885 3861 1003 3911 llemeril
1018 3862 1212 3914 lucubrationes
1231 3865 1258 3912 ln
1278 3863 1362 3928 eapite
1373 3864 1507 3928 seqarentis
1519 3865 1601 3926 partis

441 3942 592 4002 voluminis,
620 3943 663 3990 ulii
688 3943 745 4004 ejus
771 3945 866 4006 scripta
895 3944 1073 4006 adspiciuntur
1096 3945 1215 3995 collecta.
1244 3946 1445 4009 autograplnrm
1465 3948 1554 3994 autem
1581 3945 1612 3993 io

440 4026 584 4090 Callinicus
599 4025 673 4076 MSS.
683 4031 763 4084 extat,
774 4031 866 4091 eatque
879 4025 943 4076 illud
955 4029 1049 4090 ipsum,
1059 4029 1128 4090 quod
1146 4029 1343 4078 adnotationem
1358 4029 1449 4078 habet:
1466 4024 1533 4075 Clas.
1551 4025 1589 4073 lll
1600 4060 1612 4081 ,

441 4111 503 4161 Cod.
521 4112 566 4173 vl,
577 4116 656 4176 atqtre
672 4109 701 4159 ln
716 4108 907 4158 duasdiriditur
917 4115 1017 4172 partes:
1034 4115 1076 4161 cui
1093 4113 1209 4161 addenda
1222 4113 1310 4163 omnia
1331 4126 1362 4162 ea
1379 4117 1450 4166 sunt.
1462 4123 1542 4174 quae,
1560 4121 1607 4158 no·

447 4195 517 4244 mine
526 4197 632 4259 proprio
643 4192 771 4251 Reniorli,
789 4192 923 4252 adnoma,
932 4207 961 4242 ac
970 4195 1068 4244 inserta
1083 4195 1150 4244 iuter
1159 4197 1298 4259 scriptores
1310 4203 1546 4259 contemporaneos
1559 4193 1610 4245 Cra·

452 4273 517 4323 lilani
533 4279 715 4328 inveniuntur.

505 4362 536 4419 (t)
554 4362 737 4410 Orseneoziont
760 4374 774 4407 e
796 4358 896 4408 Coteoli
919 4360 984 4409 delle
1010 4359 1087 4410 sule
1104 4360 1216 4412 Medicas
1242 4361 1352 4412 trtttuiti
1377 4363 1412 4409 do
1437 4361 1538 4410 Gotiteo
1556 4373 1610 4407 non

445 4452 523 4488 aeneo
538 4441 710 4492 inaernutone
734 4443 780 4493 dot
801 4445 861 4492 tolo
885 4442 913 4490 cl
939 4445 1011 4493 tolli.
1025 4442 1120 4492 Fascio
1135 4443 1273 4506 outoproto
1294 4453 1312 4486 a
1327 4439 1403 4498 pmcn
1422 4442 1450 4488 dt
1472 4439 1607 4489 recensuri

445 4524 473 4572 di
487 4534 550 4584 pop.
566 4524 623 4568 22⁰.
649 4526 672 4569 u·
695 4532 802 4573 troncno
826 4524 869 4574 nel
881 4526 1014 4589 principio
1033 4527 1062 4576 di
1082 4533 1170 4589 questo
1188 4524 1272 4587 foscio
1299 4519 1322 4566 lc
1348 4517 1527 4569 Oruroozioni
1544 4521 1609 4568 autte

444 4605 557 4656 ,llediree
571 4602 639 4664 [utta
654 4605 698 4652 dol
714 4607 797 4658 Podrr'
809 4609 909 4659 Caruili
923 4613 967 4660 nel
984 4616 1045 4662 tero
1061 4624 1076 4660 e
1091 4611 1192 4671 copiola
1202 4608 1238 4656 dn
1256 4602 1357 4652 Galilao
1367 4603 1470 4665 (Codice
1481 4605 1577 4654 inedito
1585 4607 1605 4665 J.

504 4691 535 4749 (a)
555 4683 655 4736 Colrott
665 4697 713 4745 per
729 4687 751 4733 te
768 4689 889 4739 Medicas:
905 4696 1041 4756 mrtopraso
1067 4695 1097 4740 in
1118 4691 1199 4754 [optio
1221 4688 1249 4737 δι’
1268 4684 1367 4736 aarum
1383 4689 1411 4735 r'n
1427 4701 1494 4751 pop,
1514 4692 1545 4736 oo
1557 4688 1611 4749 piu

445 4773 495 4822 due
508 4770 615 4833 [amicte
633 4766 761 4829 (³nentrop,
