4109 5934
815 747 856 793 oe
881 748 964 792 sovts
988 747 1206 794 snrssstatoos
1513 738 1573 802 ttl

528 877 637 944 donem
656 886 835 957 surpentem
853 875 1060 957 corstemplati
1080 880 1219 961 primam
1236 879 1447 946 indubitatam
1465 892 1493 946 et
1506 885 1578 967 pul-

442 1000 631 1064 cherrimam
654 997 757 1077 adepti
770 1013 881 1059 snmus
899 995 1148 1059 observationem
1167 995 1387 1062 Mediaeorum.
1411 999 1579 1066 Rationem

443 1121 524 1182 banc
547 1117 706 1181 tenuimus
730 1123 765 1177 ut
789 1112 866 1195 quid
888 1114 1015 1196 quilibet
1038 1114 1250 1188 observasset,
1287 1116 1319 1180 id
1356 1120 1470 1183 tacitus
1494 1129 1580 1184 creta

440 1239 581 1319 pinperct
603 1236 638 1298 in
657 1235 775 1315 pariete
796 1234 925 1296 seorsim
943 1232 983 1295 ab
1002 1233 1131 1295 alterius
1151 1244 1340 1315 conspectu:
1360 1246 1469 1318 postea
1495 1239 1576 1302 alter

444 1356 486 1419 ad
500 1353 632 1419 alterius
649 1353 807 1432 picturam
821 1349 917 1413 simul
936 1352 1156 1421 transiremus,
1177 1351 1373 1434 exploraturi
1386 1373 1580 1419 consensum.

446 1471 488 1536 ld
511 1470 644 1550 intellipe
667 1478 696 1532 et
719 1469 755 1531 de
778 1469 990 1549 sequentibus.
1012 1468 1097 1531 Certi
1110 1486 1218 1533 sumus
1238 1470 1273 1533 de
1290 1473 1400 1546 tribus,
1416 1472 1452 1537 de
1468 1484 1582 1556 quarto

446 1589 590 1661 obscuro,
612 1585 668 1668 bui
687 1585 758 1649 Jooi
777 1587 906 1666 propior
939 1595 1022 1661 erat,
1051 1586 1280 1664 dubitavimus,
1314 1591 1414 1670 mapis
1449 1589 1580 1655 Ursinus

450 1722 548 1788 quam
562 1722 627 1786 epo.
643 1703 822 1768 Clarissime
844 1704 906 1766 oisi
929 1712 1004 1767 sunt
1028 1704 1091 1768 duo
1105 1704 1305 1769 occidentales
1321 1726 1419 1790 usque
1441 1710 1476 1770 in
1498 1710 1582 1773 mul-

452 1833 517 1888 tam
542 1838 712 1895 auroram,
733 1839 809 1904 pene
831 1822 995 1902 contipui,·
1019 1830 1094 1885 tnnc
1119 1821 1253 1903 denique
1272 1821 1368 1903 plane
1401 1824 1485 1901 duo,
1518 1844 1583 1892 non

452 1950 513 2005 tres
535 1939 730 2004 uidebantur.
756 1938 858 2021 Duplo
880 1940 950 2020 plus
974 1940 1111 2003 distabat
1134 1941 1297 2004 orientalis
1324 1959 1345 2004 a
1377 1941 1463 2016 lore,
1487 1962 1584 2025 quam

451 2057 758 2131 occidentalissimus,
781 2067 810 2121 et
830 2058 913 2139 plus,
936 2076 1034 2139 quam
1056 2065 1129 2122 onte
1154 2058 1282 2121 biduum
1305 2058 1418 2123 distare
1450 2070 1583 2142 putare·

451 2177 633 2243 ramittam
661 2177 843 2241 orientalem
874 2178 1066 2242 baesitanter
1085 2179 1199 2240 nisum.
1228 2175 1330 2241 Linea
1351 2181 1493 2242 omnium
1515 2198 1584 2244 rec-

454 2306 502 2370 to,
521 2297 707 2379 praesertim
740 2297 986 2368 occidmtalium,
1011 2315 1092 2377 quae
1125 2299 1227 2360 instar
1248 2298 1352 2378 quinti
1374 2298 1482 2361 nodosi
1504 2299 1586 2361 radii

454 2424 533 2490 erat,
554 2415 651 2496 poulo
674 2414 807 2493 lonpiori
830 2433 925 2497 quam
949 2417 1061 2477 caeteri
1085 2425 1233 2496 quatuor.
1259 2413 1342 2479 Nam
1363 2425 1390 2477 et
1417 2417 1502 2479 nobb
1525 2417 1586 2479 Ju-

451 2534 544 2614 piter,
568 2541 604 2596 ut
625 2540 655 2596 ct
677 2531 776 2605 Mars,
799 2542 828 2595 et
852 2551 943 2596 mane
968 2532 1164 2609 Mercurius,
1187 2543 1215 2595 et
1238 2530 1344 2596 Sirius
1368 2546 1585 2615 apparuerunt

455 2649 678 2732 quadranpnli.
712 2649 801 2712 Alter
823 2653 906 2713 enim
929 2649 1154 2713 diametrorum
1177 2650 1402 2729 onpulosorum
1425 2649 1586 2714 caeruleus

457 2775 536 2842 erat,
558 2767 637 2831 alter
655 2769 806 2848 puniceus
830 2771 865 2831 in
889 2768 987 2832 medio
1009 2785 1121 2849 corpus
1144 2769 1279 2850 maura,
1300 2768 1422 2848 sulpore
1446 2768 1588 2834 admira-

460 2885 520 2947 bili.
543 2882 611 2950 lloc
629 2891 729 2949 totum
750 2885 861 2948 occidit
884 2886 1090 2948 imbecillitate
1122 2887 1208 2948 visus
1236 2887 1436 2950 ‚conniventis
1460 2886 1502 2950 od
1525 2895 1588 2948 tam

458 3002 630 3085 consertam
653 3002 771 3075 lucem,
794 3004 843 3066 uti
865 3020 933 3065 eam
955 3004 1136 3066 accumulat
1158 3003 1413 3066 instrumentum.
1445 3000 1527 3065 Nom
1560 3017 1588 3065 et

460 3121 494 3184 de
515 3120 563 3184 die
584 3119 793 3201 spectantibus
813 3138 871 3201 per
895 3123 950 3184 boc
973 3123 1219 3185 instrumentum
1235 3132 1362 3202 propter
1385 3122 1516 3184 nimiam
1540 3122 1591 3184 lu·

460 3240 502 3302 cis
524 3239 646 3320 copiam
667 3239 780 3302 colores
804 3239 893 3301 iridis
916 3241 1076 3303 oriuntur.

437 3368 443 3379 '
552 3356 704 3423 Omnibus
740 3361 820 3423 bisce
843 3360 974 3433 diebus,
997 3370 1025 3420 et
1048 3360 1190 3440 pauculis
1218 3370 1313 3435 ante,
1339 3371 1407 3442 post
1436 3361 1593 3442 quadram
1700 3426 1702 3429 ,

461 3477 574 3541 scilicet
607 3475 740 3550 Lunae,
774 3480 809 3539 in
842 3479 910 3558 ejus
945 3495 1071 3558 corpore
1095 3478 1179 3541 visus
1203 3489 1249 3540 est
1272 3478 1466 3542 clarissimus
1497 3478 1591 3541 umbo

462 3595 556 3678 quasi
579 3597 806 3676 trianputan's,
831 3614 940 3660 sersus
974 3602 1096 3676 partem
1117 3599 1309 3676 superiorem
1332 3614 1485 3675 serpens,
1508 3604 1538 3658 et
1560 3597 1594 3656 in

462 3715 612 3778 mientem
635 3717 727 3797 quasi
749 3715 900 3778 dodrante
919 3715 1063 3797 paralleli
1085 3715 1136 3778 sui
1159 3714 1201 3778 ad
1223 3713 1420 3778 bisectionem
1447 3717 1532 3777 recti.
1561 3712 1594 3776 ls

444 3832 563 3913 'primo
583 3833 687 3898 stabat
709 3842 782 3895 ante
807 3840 974 3896 terminum
991 3834 1119 3914 justum
1139 3831 1379 3896 illuminationis
1391 3833 1463 3912 jam
1477 3831 1596 3895 illumi-

464 3958 572 4025 natus,
584 3960 653 4032 post
669 3952 812 4015 conditus
829 3953 916 4014 intra
938 3952 1014 4014 lucis
1037 3953 1193 4015 rationem
1216 3968 1336 4034 semper
1359 3951 1502 4013 claritate
1517 3951 1595 4011 emi·

467 4070 543 4133 cuit.
568 4068 692 4132 Diceres
709 4070 842 4152 exempli
852 4071 956 4150 pratia
976 4071 1080 4134 niuem
1095 4072 1130 4132 in
1143 4060 1358 4134 e’mcelsissimis
1374 4069 1506 4152 alpibus.
1530 4064 1598 4130 Hoc

464 4188 513 4250 die
535 4195 690 4268 spectator
712 4198 742 4251 et
766 4189 848 4251 testis
872 4188 949 4251 mibi
970 4189 1033 4269 [uit
1055 4189 1198 4252 oculatus
1228 4187 1360 4252 Ursinus
1384 4186 1595 4267 supradictus.

466 4335 470 4340 ·
558 4304 616 4368 llie
637 4307 659 4369 l
682 4304 870 4388 Septembris
899 4324 999 4379 mone,
1023 4307 1147 4389 Jupiter
1168 4325 1225 4389 per
1248 4307 1357 4371 nubilo
1381 4323 1453 4368 cum
1477 4303 1596 4366 duobus
1714 4373 1720 4386 ἱ

465 4420 651 4486 satellitibus
667 4430 711 4486 est
726 4424 832 4495 uisus,
857 4423 940 4487 claro
965 4423 1169 4498 occidentali,
1195 4425 1300 4486 minus
1324 4423 1408 4485 claro
1431 4420 1599 4494 orientali,

467 4540 564 4622 dstpla
578 4541 731 4605 distantia
745 4540 940 4605 occidentalis
960 4541 1002 4604 od
1020 4540 1205 4604 distantiam
1220 4539 1392 4614 orientatis,
1412 4540 1493 4601 linea
1514 4545 1600 4602 recta

468 4668 498 4722 et
520 4658 646 4735 ardua,
669 4660 762 4741 quasi
783 4659 851 4739 plus
876 4676 971 4739 quam
996 4657 1161 4739 licliptica.
1187 4654 1392 4721 Occidentalis
1414 4657 1478 4736 fere
1501 4657 1600 4721 dista·

472 4778 524 4842 bat
547 4785 583 4841 ut
606 4778 900 4843 occidentalissimus
924 4777 972 4841 die
998 4780 1013 4843 1
1047 4775 1245 4858 Septembris.
1276 4773 1359 4840 Erat
1382 4778 1456 4839 baec
1480 4774 1603 4840 distan·
1635 4855 1640 4865 Ι

558 4893 682 4974 Gsssuso
703 4894 832 4950 Gnosis-21.
851 4925 875 4934 -
893 4894 924 4948 T.
945 4893 979 4948 V.
1149 4925 1157 4950 t
1450 4898 1484 4947 bb
