<?xml version="1.0" encoding="UTF-8"?>
<!DOCTYPE html PUBLIC "-//W3C//DTD XHTML 1.0 Transitional//EN"
    "http://www.w3.org/TR/xhtml1/DTD/xhtml1-transitional.dtd">
<html xmlns="http://www.w3.org/1999/xhtml" xml:lang="en" lang="en">
 <head>
  <title>
</title>
<meta http-equiv="Content-Type" content="text/html;charset=utf-8" />
  <meta name='ocr-system' content='tesseract 3.04.00' />
  <meta name='ocr-capabilities' content='ocr_page ocr_carea ocr_par ocr_line ocrx_word'/>
</head>
<body>
  <div class='ocr_page' id='page_1' title='image "./leoperedigalile01vivigoog_0458.png"; bbox 0 0 4109 5934; ppageno 0'>
   <div class='ocr_carea' id='block_1_1' title="bbox 816 700 1567 782">
    <p class='ocr_par' dir='ltr' id='par_1_1' title="bbox 816 700 1567 782">
     <span class='ocr_line' id='line_1_1' title="bbox 816 700 1567 782; baseline 0.013 -10"><span class='ocrx_word' id='word_1_1' title='bbox 816 700 845 772; x_wconf 80' lang='lat' dir='ltr'><em>ln</em></span> <span class='ocrx_word' id='word_1_2' title='bbox 876 728 1007 775; x_wconf 74' lang='lat' dir='ltr'><em>concaua</em></span> <span class='ocrx_word' id='word_1_3' title='bbox 1031 729 1185 777; x_wconf 79' lang='lat' dir='ltr'><em>sloaaaou</em></span> <span class='ocrx_word' id='word_1_4' title='bbox 1504 717 1567 782; x_wconf 83' lang='grc'><em>111</em></span> 
     </span>
    </p>
   </div>
   <div class='ocr_carea' id='block_1_2' title="bbox 442 856 1572 1652">
    <p class='ocr_par' dir='ltr' id='par_1_2' title="bbox 442 856 1572 1652">
     <span class='ocr_line' id='line_1_2' title="bbox 442 856 1569 939; baseline 0.006 -19"><span class='ocrx_word' id='word_1_5' title='bbox 442 881 459 920; x_wconf 82' lang='lat' dir='ltr'><em>u</em></span> <span class='ocrx_word' id='word_1_6' title='bbox 484 873 559 920; x_wconf 86' lang='lat' dir='ltr'><em>nere</em></span> <span class='ocrx_word' id='word_1_7' title='bbox 581 856 705 936; x_wconf 67' lang='lat' dir='ltr'><em>[munt</em></span> <span class='ocrx_word' id='word_1_8' title='bbox 728 873 885 920; x_wconf 75' lang='lat' dir='ltr'><em>convexae</em></span> <span class='ocrx_word' id='word_1_9' title='bbox 906 858 1103 939; x_wconf 65' lang='lat' dir='ltr'><em>propinqua·</em></span> <span class='ocrx_word' id='word_1_10' title='bbox 1127 859 1209 923; x_wconf 83' lang='lat' dir='ltr'><em>unde</em></span> <span class='ocrx_word' id='word_1_11' title='bbox 1227 877 1268 923; x_wconf 80' lang='lat' dir='ltr'><em>ca</em></span> <span class='ocrx_word' id='word_1_12' title='bbox 1285 861 1371 925; x_wconf 71' lang='lat' dir='ltr'><em>uirus</em></span> <span class='ocrx_word' id='word_1_13' title='bbox 1387 864 1569 927; x_wconf 71' lang='lat' dir='ltr'><strong><em>comoditate</em></strong></span> 
     </span>
     <span class='ocr_line' id='line_1_3' title="bbox 442 973 1570 1064; baseline 0.007 -26"><span class='ocrx_word' id='word_1_14' title='bbox 442 998 460 1038; x_wconf 77' lang='lat' dir='ltr'><em>u</em></span> <span class='ocrx_word' id='word_1_15' title='bbox 484 976 531 1040; x_wconf 84' lang='lat' dir='ltr'><em>liic</em></span> <span class='ocrx_word' id='word_1_16' title='bbox 554 975 622 1057; x_wconf 68' lang='lat' dir='ltr'><em>frui</em></span> <span class='ocrx_word' id='word_1_17' title='bbox 640 976 764 1056; x_wconf 74' lang='lat' dir='ltr'><em>poteria.</em></span> <span class='ocrx_word' id='word_1_18' title='bbox 788 973 931 1039; x_wconf 77' lang='lat' dir='ltr'><em>concavo</em></span> <span class='ocrx_word' id='word_1_19' title='bbox 953 977 1040 1054; x_wconf 88' lang='lat' dir='ltr'><em>lonqe</em></span> <span class='ocrx_word' id='word_1_20' title='bbox 1059 993 1162 1058; x_wconf 87' lang='lat' dir='ltr'><em>paruo</em></span> <span class='ocrx_word' id='word_1_21' title='bbox 1185 978 1268 1041; x_wconf 82' lang='lat' dir='ltr'><em>uider</em></span> <span class='ocrx_word' id='word_1_22' title='bbox 1303 980 1356 1042; x_wconf 81' lang='lat' dir='ltr'><em>reo</em></span> <span class='ocrx_word' id='word_1_23' title='bbox 1383 982 1570 1064; x_wconf 78' lang='lat' dir='ltr'><em>perepicuo,</em></span> 
     </span>
     <span class='ocr_line' id='line_1_4' title="bbox 444 1094 1570 1179; baseline 0.004 -22"><span class='ocrx_word' id='word_1_24' title='bbox 444 1120 461 1157; x_wconf 80' lang='lat' dir='ltr'><em>u</em></span> <span class='ocrx_word' id='word_1_25' title='bbox 485 1112 625 1159; x_wconf 74' lang='lat' dir='ltr'><em>conocao</em></span> <span class='ocrx_word' id='word_1_26' title='bbox 642 1094 825 1176; x_wconf 87' lang='lat' dir='ltr'><em>propinquo</em></span> <span class='ocrx_word' id='word_1_27' title='bbox 846 1095 969 1175; x_wconf 76' lang='lat' dir='ltr'><em>majora</em></span> <span class='ocrx_word' id='word_1_28' title='bbox 991 1096 1045 1158; x_wconf 75' lang='lat' dir='ltr'><em>roll</em></span> <span class='ocrx_word' id='word_1_29' title='bbox 1069 1096 1203 1159; x_wconf 80' lang='lat' dir='ltr'><em>turln&#39;do.</em></span> <span class='ocrx_word' id='word_1_30' title='bbox 1227 1097 1260 1162; x_wconf 80' lang='lat' dir='ltr'><em>si</em></span> <span class='ocrx_word' id='word_1_31' title='bbox 1285 1104 1461 1179; x_wconf 78' lang='lat' dir='ltr'><em>utrumque</em></span> <span class='ocrx_word' id='word_1_32' title='bbox 1483 1105 1570 1163; x_wconf 87' lang='lat' dir='ltr'><em>reolo</em></span> 
     </span>
     <span class='ocr_line' id='line_1_5' title="bbox 446 1207 1570 1296; baseline 0.004 -23"><span class='ocrx_word' id='word_1_33' title='bbox 446 1226 683 1293; x_wconf 81' lang='lat' dir='ltr'><em>»componere</em></span> <span class='ocrx_word' id='word_1_34' title='bbox 712 1211 865 1282; x_wconf 82' lang='lat' dir='ltr'><em>noveris,</em></span> <span class='ocrx_word' id='word_1_35' title='bbox 899 1207 942 1272; x_wconf 87' lang='lat' dir='ltr'><em>el</em></span> <span class='ocrx_word' id='word_1_36' title='bbox 962 1212 1134 1292; x_wconf 71' lang='lat' dir='ltr'><em>lonqinquo</em></span> <span class='ocrx_word' id='word_1_37' title='bbox 1168 1222 1196 1274; x_wconf 96' lang='lat' dir='ltr'><em>et</em></span> <span class='ocrx_word' id='word_1_38' title='bbox 1227 1214 1375 1293; x_wconf 74' lang='lat' dir='ltr'><em>proximo</em></span> <span class='ocrx_word' id='word_1_39' title='bbox 1397 1217 1520 1296; x_wconf 77' lang='lat' dir='ltr'><em>majora</em></span> <span class='ocrx_word' id='word_1_40' title='bbox 1543 1226 1570 1278; x_wconf 88' lang='lat' dir='ltr'><em>et</em></span> 
     </span>
     <span class='ocr_line' id='line_1_6' title="bbox 447 1325 1570 1413; baseline 0.005 -23"><span class='ocrx_word' id='word_1_41' title='bbox 447 1329 578 1394; x_wconf 85' lang='lat' dir='ltr'><em>»claro</em></span> <span class='ocrx_word' id='word_1_42' title='bbox 597 1328 725 1393; x_wconf 65' lang='lat' dir='ltr'><em>uicena</em></span> <span class='ocrx_word' id='word_1_43' title='bbox 748 1325 821 1392; x_wconf 87' lang='lat' dir='ltr'><em>Non</em></span> <span class='ocrx_word' id='word_1_44' title='bbox 842 1345 957 1409; x_wconf 86' lang='lat' dir='ltr'><em>porum</em></span> <span class='ocrx_word' id='word_1_45' title='bbox 989 1330 1095 1392; x_wconf 76' lang='lat' dir='ltr'><em>multia</em></span> <span class='ocrx_word' id='word_1_46' title='bbox 1130 1331 1237 1394; x_wconf 71' lang='lat' dir='ltr'><em>omnir</em></span> <span class='ocrx_word' id='word_1_47' title='bbox 1271 1333 1386 1395; x_wconf 73' lang='lat' dir='ltr'><em>auxilii</em></span> <span class='ocrx_word' id='word_1_48' title='bbox 1411 1336 1570 1413; x_wconf 78' lang='lat' dir='ltr'><em>praestiti·</em></span> 
     </span>
     <span class='ocr_line' id='line_1_7' title="bbox 447 1448 1572 1534; baseline 0.006 -25"><span class='ocrx_word' id='word_1_49' title='bbox 447 1469 465 1509; x_wconf 77' lang='lat' dir='ltr'><em>u</em></span> <span class='ocrx_word' id='word_1_50' title='bbox 489 1465 583 1521; x_wconf 83' lang='lat' dir='ltr'><em>mur,</em></span> <span class='ocrx_word' id='word_1_51' title='bbox 616 1449 672 1530; x_wconf 85' lang='lat' dir='ltr'><em>qui</em></span> <span class='ocrx_word' id='word_1_52' title='bbox 705 1448 878 1530; x_wconf 72' lang='lat' dir='ltr'><em>lonqinquo</em></span> <span class='ocrx_word' id='word_1_53' title='bbox 906 1448 1060 1524; x_wconf 78' lang='lat' dir='ltr'><em>obsoleto,</em></span> <span class='ocrx_word' id='word_1_54' title='bbox 1081 1450 1231 1529; x_wconf 78' lang='lat' dir='ltr'><em>proximu</em></span> <span class='ocrx_word' id='word_1_55' title='bbox 1253 1451 1380 1514; x_wconf 78' lang='lat' dir='ltr'><em>turbido</em></span> <span class='ocrx_word' id='word_1_56' title='bbox 1402 1454 1572 1534; x_wconf 73' lang='lat' dir='ltr'><em>conspicio·</em></span> 
     </span>
     <span class='ocr_line' id='line_1_8' title="bbox 449 1564 1572 1652; baseline 0.005 -26"><span class='ocrx_word' id='word_1_57' title='bbox 449 1587 468 1626; x_wconf 77' lang='lat' dir='ltr'><em>u</em></span> <span class='ocrx_word' id='word_1_58' title='bbox 494 1564 580 1640; x_wconf 82' lang='lat' dir='ltr'><em>cont,</em></span> <span class='ocrx_word' id='word_1_59' title='bbox 602 1570 640 1628; x_wconf 80' lang='lat' dir='ltr'><em>ut</em></span> <span class='ocrx_word' id='word_1_60' title='bbox 659 1566 766 1629; x_wconf 74' lang='lat' dir='ltr'><em>annio</em></span> <span class='ocrx_word' id='word_1_61' title='bbox 777 1565 999 1646; x_wconf 69' lang='lat' dir='ltr'><em>perfectissime</em></span> <span class='ocrx_word' id='word_1_62' title='bbox 1015 1575 1241 1630; x_wconf 69' lang='lat' dir='ltr'><em>contuerentur</em></span> <span class='ocrx_word' id='word_1_63' title='bbox 1257 1591 1287 1632; x_wconf 82' lang='lat' dir='ltr'><em>u.</em></span> <span class='ocrx_word' id='word_1_64' title='bbox 1302 1567 1390 1634; x_wconf 83' lang='lat' dir='ltr'><em>Haec</em></span> <span class='ocrx_word' id='word_1_65' title='bbox 1409 1571 1508 1652; x_wconf 81' lang='lat' dir='ltr'><em>cupite</em></span> <span class='ocrx_word' id='word_1_66' title='bbox 1532 1570 1572 1634; x_wconf 85' lang='lat' dir='ltr'><em>X.</em></span> 
     </span>
    </p>
   </div>
   <div class='ocr_carea' id='block_1_3' title="bbox 425 1681 1582 3308">
    <p class='ocr_par' dir='ltr' id='par_1_3' title="bbox 425 1681 1579 2832">
     <span class='ocr_line' id='line_1_9' title="bbox 540 1681 1574 1770; baseline 0.007 -25"><span class='ocrx_word' id='word_1_67' title='bbox 540 1681 645 1765; x_wconf 82' lang='lat' dir='ltr'><em>Cupito</em></span> <span class='ocrx_word' id='word_1_68' title='bbox 670 1681 722 1746; x_wconf 82' lang='lat' dir='ltr'><em>Xl</em></span> <span class='ocrx_word' id='word_1_69' title='bbox 745 1701 862 1749; x_wconf 88' lang='lat' dir='ltr'><em>nouum</em></span> <span class='ocrx_word' id='word_1_70' title='bbox 887 1685 1013 1748; x_wconf 88' lang='lat' dir='ltr'><em>titutum</em></span> <span class='ocrx_word' id='word_1_71' title='bbox 1036 1686 1112 1766; x_wconf 78' lang='lat' dir='ltr'><em>socit</em></span> <span class='ocrx_word' id='word_1_72' title='bbox 1136 1687 1172 1749; x_wconf 75' lang='lat' dir='ltr'><em>ilc</em></span> <span class='ocrx_word' id='word_1_73' title='bbox 1196 1687 1360 1767; x_wconf 78' lang='lat' dir='ltr'><em>specillis,</em></span> <span class='ocrx_word' id='word_1_74' title='bbox 1382 1689 1495 1770; x_wconf 77' lang='lat' dir='ltr'><em>quitur</em></span> <span class='ocrx_word' id='word_1_75' title='bbox 1518 1708 1574 1753; x_wconf 83' lang='lat' dir='ltr'><em>ru-</em></span> 
     </span>
     <span class='ocr_line' id='line_1_10' title="bbox 448 1804 1574 1888; baseline 0.004 -21"><span class='ocrx_word' id='word_1_76' title='bbox 448 1819 511 1882; x_wconf 84' lang='lat' dir='ltr'><em>pru</em></span> <span class='ocrx_word' id='word_1_77' title='bbox 531 1818 652 1868; x_wconf 76' lang='lat' dir='ltr'><em>ornnem</em></span> <span class='ocrx_word' id='word_1_78' title='bbox 674 1804 845 1883; x_wconf 89' lang='lat' dir='ltr'><em>coqitoturn</em></span> <span class='ocrx_word' id='word_1_79' title='bbox 872 1804 1046 1884; x_wconf 82' lang='lat' dir='ltr'><em>lonqiroirnc</em></span> <span class='ocrx_word' id='word_1_80' title='bbox 1080 1807 1150 1885; x_wconf 78' lang='lat' dir='ltr'><em>quir</em></span> <span class='ocrx_word' id='word_1_81' title='bbox 1184 1808 1358 1887; x_wconf 73' lang='lat' dir='ltr'><em>conspicere</em></span> <span class='ocrx_word' id='word_1_82' title='bbox 1381 1816 1499 1888; x_wconf 82' lang='lat' dir='ltr'><em>queat.-</em></span> <span class='ocrx_word' id='word_1_83' title='bbox 1522 1808 1574 1872; x_wconf 77' lang='lat' dir='ltr'><em>red</em></span> 
     </span>
     <span class='ocr_line' id='line_1_11' title="bbox 425 1918 1575 2007; baseline 0.003 -23"><span class='ocrx_word' id='word_1_84' title='bbox 425 1918 742 1985; x_wconf 76' lang='lat' dir='ltr'><em>,leuconrtrotioneno</em></span> <span class='ocrx_word' id='word_1_85' title='bbox 764 1921 800 1984; x_wconf 81' lang='lat' dir='ltr'><em>ulo</em></span> <span class='ocrx_word' id='word_1_86' title='bbox 823 1921 982 1986; x_wconf 75' lang='lat' dir='ltr'><em>industrio</em></span> <span class='ocrx_word' id='word_1_87' title='bbox 1005 1920 1103 2004; x_wconf 83' lang='lat' dir='ltr'><em>(quod</em></span> <span class='ocrx_word' id='word_1_88' title='bbox 1126 1934 1155 1986; x_wconf 90' lang='lat' dir='ltr'><em>et</em></span> <span class='ocrx_word' id='word_1_89' title='bbox 1176 1923 1354 2007; x_wconf 66' lang='lat' dir='ltr'><em>profitetur)</em></span> <span class='ocrx_word' id='word_1_90' title='bbox 1372 1926 1417 1987; x_wconf 84' lang='lat' dir='ltr'><em>ric</em></span> <span class='ocrx_word' id='word_1_91' title='bbox 1434 1925 1575 1999; x_wconf 84' lang='lat' dir='ltr'><em>inuoluit,</em></span> 
     </span>
     <span class='ocr_line' id='line_1_12' title="bbox 450 2038 1576 2123; baseline 0.003 -20"><span class='ocrx_word' id='word_1_92' title='bbox 450 2047 486 2103; x_wconf 88' lang='lat' dir='ltr'><em>ut</em></span> <span class='ocrx_word' id='word_1_93' title='bbox 507 2039 627 2103; x_wconf 77' lang='lat' dir='ltr'><em>nercior</em></span> <span class='ocrx_word' id='word_1_94' title='bbox 649 2040 726 2121; x_wconf 81' lang='lat' dir='ltr'><em>quid</em></span> <span class='ocrx_word' id='word_1_95' title='bbox 746 2038 845 2113; x_wconf 75' lang='lat' dir='ltr'><em>dicut,</em></span> <span class='ocrx_word' id='word_1_96' title='bbox 867 2058 920 2102; x_wconf 88' lang='lat' dir='ltr'><em>on·</em></span> <span class='ocrx_word' id='word_1_97' title='bbox 939 2041 975 2103; x_wconf 83' lang='lat' dir='ltr'><em>de</em></span> <span class='ocrx_word' id='word_1_98' title='bbox 1002 2040 1137 2103; x_wconf 76' lang='lat' dir='ltr'><em>lentibus</em></span> <span class='ocrx_word' id='word_1_99' title='bbox 1159 2042 1322 2123; x_wconf 73' lang='lat' dir='ltr'><em>perlucidis</em></span> <span class='ocrx_word' id='word_1_100' title='bbox 1348 2053 1422 2123; x_wconf 92' lang='lat' dir='ltr'><em>oqot</em></span> <span class='ocrx_word' id='word_1_101' title='bbox 1441 2052 1476 2105; x_wconf 90' lang='lat' dir='ltr'><em>ul</em></span> <span class='ocrx_word' id='word_1_102' title='bbox 1500 2045 1576 2108; x_wconf 79' lang='lat' dir='ltr'><em>lucc-</em></span> 
     </span>
     <span class='ocr_line' id='line_1_13' title="bbox 448 2159 1577 2242; baseline 0.004 -21"><span class='ocrx_word' id='word_1_103' title='bbox 448 2167 550 2234; x_wconf 84' lang='lat' dir='ltr'><em>tcnuc,</em></span> <span class='ocrx_word' id='word_1_104' title='bbox 572 2175 617 2222; x_wconf 89' lang='lat' dir='ltr'><em>un</em></span> <span class='ocrx_word' id='word_1_105' title='bbox 640 2176 713 2223; x_wconf 89' lang='lat' dir='ltr'><em>oero</em></span> <span class='ocrx_word' id='word_1_106' title='bbox 734 2159 891 2240; x_wconf 76' lang='lat' dir='ltr'><em>speculum</em></span> <span class='ocrx_word' id='word_1_107' title='bbox 915 2159 1072 2239; x_wconf 80' lang='lat' dir='ltr'><em>aljuuqot</em></span> <span class='ocrx_word' id='word_1_108' title='bbox 1095 2178 1229 2242; x_wconf 90' lang='lat' dir='ltr'><em>opacum</em></span> <span class='ocrx_word' id='word_1_109' title='bbox 1244 2160 1443 2242; x_wconf 78' lang='lat' dir='ltr'><em>laeuiqotunt‚</em></span> <span class='ocrx_word' id='word_1_110' title='bbox 1466 2161 1577 2241; x_wconf 67' lang='lat' dir='ltr'><em>cuque-</em></span> 
     </span>
     <span class='ocr_line' id='line_1_14' title="bbox 449 2276 1578 2360; baseline 0.002 -18"><span class='ocrx_word' id='word_1_111' title='bbox 449 2276 530 2342; x_wconf 75' lang='lat' dir='ltr'><em>ntodt&#39;</em></span> <span class='ocrx_word' id='word_1_112' title='bbox 552 2293 655 2341; x_wconf 87' lang='lat' dir='ltr'><em>unum</em></span> <span class='ocrx_word' id='word_1_113' title='bbox 677 2285 706 2340; x_wconf 92' lang='lat' dir='ltr'><em>et</em></span> <span class='ocrx_word' id='word_1_114' title='bbox 729 2278 792 2358; x_wconf 79' lang='lat' dir='ltr'><em>ipro</em></span> <span class='ocrx_word' id='word_1_115' title='bbox 814 2279 850 2339; x_wconf 83' lang='lat' dir='ltr'><em>in</em></span> <span class='ocrx_word' id='word_1_116' title='bbox 874 2278 980 2341; x_wconf 86' lang='lat' dir='ltr'><em>animo</em></span> <span class='ocrx_word' id='word_1_117' title='bbox 995 2278 1113 2348; x_wconf 75' lang='lat' dir='ltr'><em>habco.</em></span> <span class='ocrx_word' id='word_1_118' title='bbox 1137 2278 1220 2360; x_wconf 82' lang='lat' dir='ltr'><em>quod</em></span> <span class='ocrx_word' id='word_1_119' title='bbox 1242 2295 1291 2341; x_wconf 86' lang='lat' dir='ltr'><em>rer</em></span> <span class='ocrx_word' id='word_1_120' title='bbox 1313 2288 1470 2354; x_wconf 77' lang='lat' dir='ltr'><em>remotos,</em></span> <span class='ocrx_word' id='word_1_121' title='bbox 1493 2281 1578 2344; x_wconf 84' lang='lat' dir='ltr'><em>nullo</em></span> 
     </span>
     <span class='ocr_line' id='line_1_15' title="bbox 449 2395 1578 2480; baseline 0.003 -20"><span class='ocrx_word' id='word_1_122' title='bbox 449 2395 627 2460; x_wconf 63' lang='lat' dir='ltr'><em>Mutine</em></span> <span class='ocrx_word' id='word_1_123' title='bbox 648 2395 817 2467; x_wconf 81' lang='lat' dir='ltr'><em>obeentioo,</em></span> <span class='ocrx_word' id='word_1_124' title='bbox 841 2399 876 2458; x_wconf 88' lang='lat' dir='ltr'><em>in</em></span> <span class='ocrx_word' id='word_1_125' title='bbox 897 2397 1040 2460; x_wconf 75' lang='lat' dir='ltr'><em>morino</em></span> <span class='ocrx_word' id='word_1_126' title='bbox 1062 2397 1240 2478; x_wconf 86' lang='lat' dir='ltr'><em>quontitate</em></span> <span class='ocrx_word' id='word_1_127' title='bbox 1270 2397 1397 2478; x_wconf 84' lang='lat' dir='ltr'><em>ideoque</em></span> <span class='ocrx_word' id='word_1_128' title='bbox 1432 2408 1468 2460; x_wconf 90' lang='lat' dir='ltr'><em>ut</em></span> <span class='ocrx_word' id='word_1_129' title='bbox 1501 2416 1578 2480; x_wconf 88' lang='lat' dir='ltr'><em>pro-</em></span> 
     </span>
     <span class='ocr_line' id='line_1_16' title="bbox 448 2514 1579 2597; baseline 0.003 -18"><span class='ocrx_word' id='word_1_130' title='bbox 448 2515 610 2597; x_wconf 77' lang='lat' dir='ltr'><em>pinquat,</em></span> <span class='ocrx_word' id='word_1_131' title='bbox 643 2522 672 2578; x_wconf 93' lang='lat' dir='ltr'><em>et</em></span> <span class='ocrx_word' id='word_1_132' title='bbox 703 2522 864 2595; x_wconf 76' lang='lat' dir='ltr'><em>praetem</em></span> <span class='ocrx_word' id='word_1_133' title='bbox 884 2514 1160 2596; x_wconf 77' lang='lat' dir='ltr'><em>proportionaliter</em></span> <span class='ocrx_word' id='word_1_134' title='bbox 1182 2524 1293 2578; x_wconf 77' lang='lat' dir='ltr'><em>auctor</em></span> <span class='ocrx_word' id='word_1_135' title='bbox 1317 2517 1464 2579; x_wconf 74' lang='lat' dir='ltr'><em>cullibet:</em></span> <span class='ocrx_word' id='word_1_136' title='bbox 1488 2525 1579 2582; x_wconf 92' lang='lat' dir='ltr'><em>tonto</em></span> 
     </span>
     <span class='ocr_line' id='line_1_17' title="bbox 451 2630 1578 2720; baseline 0.003 -25"><span class='ocrx_word' id='word_1_137' title='bbox 451 2631 603 2705; x_wconf 77' lang='lat' dir='ltr'><em>claritate,</em></span> <span class='ocrx_word' id='word_1_138' title='bbox 625 2641 747 2714; x_wconf 78' lang='lat' dir='ltr'><em>quanto</em></span> <span class='ocrx_word' id='word_1_139' title='bbox 769 2650 809 2696; x_wconf 80' lang='lat' dir='ltr'><em>eo</em></span> <span class='ocrx_word' id='word_1_140' title='bbox 830 2630 955 2713; x_wconf 86' lang='lat' dir='ltr'><em>rpeculo</em></span> <span class='ocrx_word' id='word_1_141' title='bbox 974 2630 1071 2714; x_wconf 84' lang='lat' dir='ltr'><em>(quod</em></span> <span class='ocrx_word' id='word_1_142' title='bbox 1093 2633 1268 2696; x_wconf 75' lang='lat' dir='ltr'><em>necessario</em></span> <span class='ocrx_word' id='word_1_143' title='bbox 1289 2632 1397 2698; x_wconf 77' lang='lat' dir='ltr'><em>coloris</em></span> <span class='ocrx_word' id='word_1_144' title='bbox 1420 2635 1502 2714; x_wconf 69' lang='lat' dir='ltr'><em>[urci</em></span> <span class='ocrx_word' id='word_1_145' title='bbox 1520 2637 1578 2720; x_wconf 85' lang='lat' dir='ltr'><em>ert)</em></span> 
     </span>
     <span class='ocr_line' id='line_1_18' title="bbox 453 2743 698 2832; baseline 0 -19"><span class='ocrx_word' id='word_1_146' title='bbox 453 2751 576 2831; x_wconf 78' lang='lat' dir='ltr'><em>operari</em></span> <span class='ocrx_word' id='word_1_147' title='bbox 588 2743 698 2832; x_wconf 81' lang='lat' dir='ltr'><em>poton.</em></span> 
     </span>
    </p>

    <p class='ocr_par' dir='ltr' id='par_1_4' title="bbox 453 2867 1582 3308">
     <span class='ocr_line' id='line_1_19' title="bbox 542 2867 1582 2952; baseline 0.002 -19"><span class='ocrx_word' id='word_1_148' title='bbox 542 2867 627 2933; x_wconf 80' lang='lat' dir='ltr'><em>Huic</em></span> <span class='ocrx_word' id='word_1_149' title='bbox 649 2870 713 2934; x_wconf 88' lang='lat' dir='ltr'><em>loco</em></span> <span class='ocrx_word' id='word_1_150' title='bbox 735 2870 806 2935; x_wconf 75' lang='lat' dir='ltr'><em>lton</em></span> <span class='ocrx_word' id='word_1_151' title='bbox 829 2870 968 2945; x_wconf 82' lang='lat' dir='ltr'><em>Portae,</em></span> <span class='ocrx_word' id='word_1_152' title='bbox 990 2887 1064 2934; x_wconf 87' lang='lat' dir='ltr'><em>cum</em></span> <span class='ocrx_word' id='word_1_153' title='bbox 1086 2869 1223 2933; x_wconf 73' lang='lat' dir='ltr'><em>uiderem</em></span> <span class='ocrx_word' id='word_1_154' title='bbox 1250 2872 1425 2951; x_wconf 70' lang='lat' dir='ltr'><em>praefixam</em></span> <span class='ocrx_word' id='word_1_155' title='bbox 1449 2888 1582 2952; x_wconf 85' lang='lat' dir='ltr'><em>quaere·</em></span> 
     </span>
     <span class='ocr_line' id='line_1_20' title="bbox 455 2987 1581 3070; baseline 0 -19"><span class='ocrx_word' id='word_1_156' title='bbox 455 2988 517 3053; x_wconf 86' lang='lat' dir='ltr'><em>lon</em></span> <span class='ocrx_word' id='word_1_157' title='bbox 537 2987 628 3053; x_wconf 84' lang='lat' dir='ltr'><em>initio</em></span> <span class='ocrx_word' id='word_1_158' title='bbox 649 2991 758 3070; x_wconf 83' lang='lat' dir='ltr'><em>copitis</em></span> <span class='ocrx_word' id='word_1_159' title='bbox 786 2987 834 3051; x_wconf 84' lang='lat' dir='ltr'><em>X:</em></span> <span class='ocrx_word' id='word_1_160' title='bbox 862 2989 1028 3055; x_wconf 78' lang='lat' dir='ltr'><em>Cauarum</em></span> <span class='ocrx_word' id='word_1_161' title='bbox 1043 2994 1088 3050; x_wconf 77' lang='lat' dir='ltr'><em>‘ot</em></span> <span class='ocrx_word' id='word_1_162' title='bbox 1116 3004 1343 3053; x_wconf 72' lang='lat' dir='ltr'><em>connexarum</em></span> <span class='ocrx_word' id='word_1_163' title='bbox 1377 2987 1515 3051; x_wconf 81' lang='lat' dir='ltr'><em>lentium</em></span> <span class='ocrx_word' id='word_1_164' title='bbox 1549 2995 1581 3051; x_wconf 88' lang='lat' dir='ltr'><em>cl</em></span> 
     </span>
     <span class='ocr_line' id='line_1_21' title="bbox 453 3106 1582 3189; baseline -0.001 -18"><span class='ocrx_word' id='word_1_165' title='bbox 453 3107 686 3189; x_wconf 69' lang='lat' dir='ltr'><em>specilla-am,</em></span> <span class='ocrx_word' id='word_1_166' title='bbox 709 3111 877 3188; x_wconf 85' lang='lat' dir='ltr'><em>tantopere</em></span> <span class='ocrx_word' id='word_1_167' title='bbox 899 3107 1052 3172; x_wconf 84' lang='lat' dir='ltr'><em>humanis</em></span> <span class='ocrx_word' id='word_1_168' title='bbox 1075 3108 1192 3171; x_wconf 79' lang='lat' dir='ltr'><em>usibus</em></span> <span class='ocrx_word' id='word_1_169' title='bbox 1215 3106 1499 3181; x_wconf 75' lang='lat' dir='ltr'><em>necessariorum,</em></span> <span class='ocrx_word' id='word_1_170' title='bbox 1522 3123 1582 3170; x_wconf 85' lang='lat' dir='ltr'><em>nc-</em></span> 
     </span>
     <span class='ocr_line' id='line_1_22' title="bbox 456 3223 1581 3308; baseline -0.003 -19"><span class='ocrx_word' id='word_1_171' title='bbox 456 3242 519 3305; x_wconf 85' lang='lat' dir='ltr'><em>qao</em></span> <span class='ocrx_word' id='word_1_172' title='bbox 538 3225 692 3291; x_wconf 71' lang='lat' dir='ltr'><em>eoactum</em></span> <span class='ocrx_word' id='word_1_173' title='bbox 713 3242 818 3307; x_wconf 83' lang='lat' dir='ltr'><em>noque</em></span> <span class='ocrx_word' id='word_1_174' title='bbox 841 3227 984 3290; x_wconf 84' lang='lat' dir='ltr'><em>rationes</em></span> <span class='ocrx_word' id='word_1_175' title='bbox 1007 3225 1117 3289; x_wconf 83' lang='lat' dir='ltr'><em>adhuc</em></span> <span class='ocrx_word' id='word_1_176' title='bbox 1141 3243 1161 3288; x_wconf 87' lang='lat' dir='ltr'><em>a</em></span> <span class='ocrx_word' id='word_1_177' title='bbox 1183 3225 1315 3287; x_wconf 85' lang='lat' dir='ltr'><em>nomine</em></span> <span class='ocrx_word' id='word_1_178' title='bbox 1349 3223 1488 3308; x_wconf 83' lang='lat' dir='ltr'><em>allatas:</em></span> <span class='ocrx_word' id='word_1_179' title='bbox 1512 3241 1581 3287; x_wconf 82' lang='lat' dir='ltr'><em>corn</em></span> 
     </span>
    </p>
   </div>
   <div class='ocr_carea' id='block_1_4' title="bbox 457 3342 1686 3433">
    <p class='ocr_par' dir='ltr' id='par_1_5' title="bbox 457 3342 1686 3433">
     <span class='ocr_line' id='line_1_23' title="bbox 457 3342 1686 3433; baseline -0.001 -26"><span class='ocrx_word' id='word_1_180' title='bbox 457 3359 582 3425; x_wconf 72' lang='lat' dir='ltr'><em>opem</em></span> <span class='ocrx_word' id='word_1_181' title='bbox 601 3345 720 3426; x_wconf 83' lang='lat' dir='ltr'><em>rumpru&#39;</em></span> <span class='ocrx_word' id='word_1_182' title='bbox 740 3352 813 3409; x_wconf 90' lang='lat' dir='ltr'><em>onte</em></span> <span class='ocrx_word' id='word_1_183' title='bbox 833 3361 935 3408; x_wconf 85' lang='lat' dir='ltr'><em>annor</em></span> <span class='ocrx_word' id='word_1_184' title='bbox 957 3360 1014 3407; x_wconf 81' lang='lat' dir='ltr'><em>reo</em></span> <span class='ocrx_word' id='word_1_185' title='bbox 1035 3344 1071 3405; x_wconf 91' lang='lat' dir='ltr'><em>in</em></span> <span class='ocrx_word' id='word_1_186' title='bbox 1094 3342 1315 3406; x_wconf 78' lang='lat' dir='ltr'><em>astronomiae</em></span> <span class='ocrx_word' id='word_1_187' title='bbox 1338 3348 1430 3422; x_wconf 84' lang='lat' dir='ltr'><em>parto</em></span> <span class='ocrx_word' id='word_1_188' title='bbox 1451 3343 1582 3423; x_wconf 87' lang='lat' dir='ltr'><em>optlca;</em></span> <span class='ocrx_word' id='word_1_189' title='bbox 1684 3429 1686 3433; x_wconf 13' lang='grc' dir='ltr'><strong><em>ι</em></strong></span> 
     </span>
    </p>
   </div>
   <div class='ocr_carea' id='block_1_5' title="bbox 457 3457 1590 4606">
    <p class='ocr_par' dir='ltr' id='par_1_6' title="bbox 458 3457 1585 3661">
     <span class='ocr_line' id='line_1_24' title="bbox 458 3457 1585 3543; baseline -0.004 -20"><span class='ocrx_word' id='word_1_190' title='bbox 458 3468 496 3523; x_wconf 88' lang='lat' dir='ltr'><em>ut</em></span> <span class='ocrx_word' id='word_1_191' title='bbox 516 3459 593 3541; x_wconf 77' lang='lat' dir='ltr'><em>quid</em></span> <span class='ocrx_word' id='word_1_192' title='bbox 611 3461 646 3524; x_wconf 82' lang='lat' dir='ltr'><em>in</em></span> <span class='ocrx_word' id='word_1_193' title='bbox 667 3460 854 3543; x_wconf 75' lang='lat' dir='ltr'><em>simplicibus</em></span> <span class='ocrx_word' id='word_1_194' title='bbox 880 3459 1065 3540; x_wconf 85' lang='lat' dir='ltr'><em>perrpicillir</em></span> <span class='ocrx_word' id='word_1_195' title='bbox 1088 3458 1250 3533; x_wconf 83' lang='lat' dir='ltr'><em>occideret,</em></span> <span class='ocrx_word' id='word_1_196' title='bbox 1275 3457 1435 3522; x_wconf 88' lang='lat' dir='ltr'><em>luculento</em></span> <span class='ocrx_word' id='word_1_197' title='bbox 1457 3458 1585 3523; x_wconf 81' lang='lat' dir='ltr'><em>dornon-</em></span> 
     </span>
     <span class='ocr_line' id='line_1_25' title="bbox 458 3575 1206 3661; baseline -0.008 -19"><span class='ocrx_word' id='word_1_198' title='bbox 458 3579 610 3643; x_wconf 82' lang='lat' dir='ltr'><em>ctrott&#39;one</em></span> <span class='ocrx_word' id='word_1_199' title='bbox 629 3580 814 3661; x_wconf 86' lang='lat' dir='ltr'><em>qeornctrt&#39;co</em></span> <span class='ocrx_word' id='word_1_200' title='bbox 835 3576 993 3641; x_wconf 72' lang='lat' dir='ltr'><em>retorem</em></span> <span class='ocrx_word' id='word_1_201' title='bbox 1016 3575 1206 3656; x_wconf 74' lang='lat' dir='ltr'><em>expeditum.</em></span> 
     </span>
    </p>

    <p class='ocr_par' dir='ltr' id='par_1_7' title="bbox 457 3692 1590 4606">
     <span class='ocr_line' id='line_1_26' title="bbox 554 3692 1585 3777; baseline -0.008 -16"><span class='ocrx_word' id='word_1_202' title='bbox 554 3696 658 3762; x_wconf 74' lang='lat' dir='ltr'><em>Videre</em></span> <span class='ocrx_word' id='word_1_203' title='bbox 679 3706 724 3761; x_wconf 84' lang='lat' dir='ltr'><em>ort</em></span> <span class='ocrx_word' id='word_1_204' title='bbox 745 3697 790 3761; x_wconf 82' lang='lat' dir='ltr'><em>ici</em></span> <span class='ocrx_word' id='word_1_205' title='bbox 812 3699 913 3777; x_wconf 89' lang='lat' dir='ltr'><em>cupite</em></span> <span class='ocrx_word' id='word_1_206' title='bbox 935 3695 967 3768; x_wconf 83' lang='lat' dir='ltr'><em>V,</em></span> <span class='ocrx_word' id='word_1_207' title='bbox 984 3695 1040 3758; x_wconf 85' lang='lat' dir='ltr'><em>uoi</em></span> <span class='ocrx_word' id='word_1_208' title='bbox 1059 3693 1234 3757; x_wconf 81' lang='lat' dir='ltr'><em>lenonotro</em></span> <span class='ocrx_word' id='word_1_209' title='bbox 1257 3692 1311 3754; x_wconf 84' lang='lat' dir='ltr'><em>illu</em></span> <span class='ocrx_word' id='word_1_210' title='bbox 1334 3709 1416 3773; x_wconf 92' lang='lat' dir='ltr'><em>quoe</em></span> <span class='ocrx_word' id='word_1_211' title='bbox 1429 3695 1585 3773; x_wconf 77' lang='lat' dir='ltr'><em>pertinent</em></span> 
     </span>
     <span class='ocr_line' id='line_1_27' title="bbox 459 3812 1585 3897; baseline -0.007 -16"><span class='ocrx_word' id='word_1_212' title='bbox 459 3817 502 3881; x_wconf 77' lang='lat' dir='ltr'><em>aa</em></span> <span class='ocrx_word' id='word_1_213' title='bbox 522 3817 646 3883; x_wconf 76' lang='lat' dir='ltr'><em>nodum</em></span> <span class='ocrx_word' id='word_1_214' title='bbox 667 3815 811 3891; x_wconf 70' lang='lat' dir='ltr'><em>unua,</em></span> <span class='ocrx_word' id='word_1_215' title='bbox 834 3816 887 3897; x_wconf 71' lang='lat' dir='ltr'><em>sol.</em></span> <span class='ocrx_word' id='word_1_216' title='bbox 910 3814 976 3884; x_wconf 77' lang='lat'><em>202</em></span> <span class='ocrx_word' id='word_1_217' title='bbox 1000 3814 1186 3895; x_wconf 70' lang='lat' dir='ltr'><em>conpunctas</em></span> <span class='ocrx_word' id='word_1_218' title='bbox 1220 3813 1254 3874; x_wconf 83' lang='lat' dir='ltr'><em>in</em></span> <span class='ocrx_word' id='word_1_219' title='bbox 1289 3812 1443 3874; x_wconf 74' lang='lat' dir='ltr'><em>collemate</em></span> <span class='ocrx_word' id='word_1_220' title='bbox 1476 3813 1585 3893; x_wconf 74' lang='lat' dir='ltr'><em>effiqies</em></span> 
     </span>
     <span class='ocr_line' id='line_1_28' title="bbox 459 3927 1587 4016; baseline -0.011 -16"><span class='ocrx_word' id='word_1_221' title='bbox 459 3936 532 4000; x_wconf 83' lang='lat' dir='ltr'><em>coci</em></span> <span class='ocrx_word' id='word_1_222' title='bbox 552 3945 581 4000; x_wconf 88' lang='lat' dir='ltr'><em>et</em></span> <span class='ocrx_word' id='word_1_223' title='bbox 603 3936 736 4000; x_wconf 66' lang='lat' dir='ltr'><em>conum</em></span> <span class='ocrx_word' id='word_1_224' title='bbox 754 3933 945 4016; x_wconf 66' lang='lat' dir='ltr'><em>perspicui,</em></span> <span class='ocrx_word' id='word_1_225' title='bbox 960 3933 1058 4016; x_wconf 86' lang='lat' dir='ltr'><em>plone</em></span> <span class='ocrx_word' id='word_1_226' title='bbox 1080 3931 1122 3996; x_wconf 80' lang='lat' dir='ltr'><em>od</em></span> <span class='ocrx_word' id='word_1_227' title='bbox 1143 3948 1214 3994; x_wconf 87' lang='lat' dir='ltr'><em>eum</em></span> <span class='ocrx_word' id='word_1_228' title='bbox 1236 3929 1383 4001; x_wconf 72' lang='lat' dir='ltr'><em>mooun,</em></span> <span class='ocrx_word' id='word_1_229' title='bbox 1406 3947 1467 4009; x_wconf 92' lang='lat' dir='ltr'><em>quo</em></span> <span class='ocrx_word' id='word_1_230' title='bbox 1490 3927 1587 3991; x_wconf 80' lang='lat' dir='ltr'><em>solent</em></span> 
     </span>
     <span class='ocr_line' id='line_1_29' title="bbox 460 4042 1588 4133; baseline -0.012 -13"><span class='ocrx_word' id='word_1_231' title='bbox 460 4053 547 4119; x_wconf 79' lang='lat' dir='ltr'><em>cocio</em></span> <span class='ocrx_word' id='word_1_232' title='bbox 571 4054 607 4115; x_wconf 86' lang='lat' dir='ltr'><em>in</em></span> <span class='ocrx_word' id='word_1_233' title='bbox 629 4053 765 4133; x_wconf 83' lang='lat' dir='ltr'><em>uulqotir</em></span> <span class='ocrx_word' id='word_1_234' title='bbox 782 4053 862 4116; x_wconf 78' lang='lat' dir='ltr'><em>tubis</em></span> <span class='ocrx_word' id='word_1_235' title='bbox 881 4052 965 4116; x_wconf 87' lang='lat' dir='ltr'><em>inter</em></span> <span class='ocrx_word' id='word_1_236' title='bbox 979 4069 1012 4115; x_wconf 82' lang='lat' dir='ltr'><em>re</em></span> <span class='ocrx_word' id='word_1_237' title='bbox 1024 4050 1132 4130; x_wconf 83' lang='lat' dir='ltr'><em>junqi.</em></span> <span class='ocrx_word' id='word_1_238' title='bbox 1154 4045 1245 4124; x_wconf 82' lang='lat' dir='ltr'><em>Quod</em></span> <span class='ocrx_word' id='word_1_239' title='bbox 1267 4047 1296 4109; x_wconf 81' lang='lat' dir='ltr'><em>oi</em></span> <span class='ocrx_word' id='word_1_240' title='bbox 1318 4064 1382 4110; x_wconf 86' lang='lat' dir='ltr'><em>non</em></span> <span class='ocrx_word' id='word_1_241' title='bbox 1405 4045 1492 4108; x_wconf 87' lang='lat' dir='ltr'><em>lectio</em></span> <span class='ocrx_word' id='word_1_242' title='bbox 1514 4042 1588 4108; x_wconf 78' lang='lat' dir='ltr'><em>Mo-</em></span> 
     </span>
     <span class='ocr_line' id='line_1_30' title="bbox 459 4160 1589 4251; baseline -0.013 -17"><span class='ocrx_word' id='word_1_243' title='bbox 459 4171 531 4251; x_wconf 81' lang='lat' dir='ltr'><em>qioo</em></span> <span class='ocrx_word' id='word_1_244' title='bbox 554 4167 680 4246; x_wconf 85' lang='lat' dir='ltr'><em>Portae,</em></span> <span class='ocrx_word' id='word_1_245' title='bbox 702 4169 896 4233; x_wconf 76' lang='lat' dir='ltr'><em>occationem</em></span> <span class='ocrx_word' id='word_1_246' title='bbox 918 4166 998 4231; x_wconf 78' lang='lat' dir='ltr'><em>lecit</em></span> <span class='ocrx_word' id='word_1_247' title='bbox 1021 4166 1093 4229; x_wconf 84' lang='lat' dir='ltr'><em>lruic</em></span> <span class='ocrx_word' id='word_1_248' title='bbox 1116 4165 1387 4233; x_wconf 69' lang='lat' dir='ltr'><em>mocninonuculor</em></span> <span class='ocrx_word' id='word_1_249' title='bbox 1409 4167 1465 4224; x_wconf 90' lang='lat' dir='ltr'><em>out</em></span> <span class='ocrx_word' id='word_1_250' title='bbox 1483 4160 1511 4221; x_wconf 86' lang='lat' dir='ltr'><em>ri</em></span> <span class='ocrx_word' id='word_1_251' title='bbox 1525 4176 1589 4222; x_wconf 89' lang='lat' dir='ltr'><em>nou</em></span> 
     </span>
     <span class='ocr_line' id='line_1_31' title="bbox 460 4277 1589 4370; baseline -0.015 -17"><span class='ocrx_word' id='word_1_252' title='bbox 460 4287 576 4370; x_wconf 78' lang='lat' dir='ltr'><em>aliquia</em></span> <span class='ocrx_word' id='word_1_253' title='bbox 600 4286 770 4368; x_wconf 84' lang='lat' dir='ltr'><em>Bclqorurn</em></span> <span class='ocrx_word' id='word_1_254' title='bbox 803 4305 844 4351; x_wconf 80' lang='lat' dir='ltr'><em>eo</em></span> <span class='ocrx_word' id='word_1_255' title='bbox 877 4286 991 4368; x_wconf 44' lang='lat' dir='ltr'><em>ipsiusw</em></span> <span class='ocrx_word' id='word_1_256' title='bbox 1013 4283 1131 4348; x_wconf 88' lang='lat' dir='ltr'><em>Portae</em></span> <span class='ocrx_word' id='word_1_257' title='bbox 1153 4281 1360 4346; x_wconf 82' lang='lat' dir='ltr'><em>instructione</em></span> <span class='ocrx_word' id='word_1_258' title='bbox 1381 4277 1589 4358; x_wconf 65' lang='lat' dir='ltr'><em>loucsoctun</em></span> 
     </span>
     <span class='ocr_line' id='line_1_32' title="bbox 459 4393 1590 4483; baseline -0.011 -15"><span class='ocrx_word' id='word_1_259' title='bbox 459 4409 708 4471; x_wconf 78' lang='lat' dir='ltr'><em>inrtnrmentum</em></span> <span class='ocrx_word' id='word_1_260' title='bbox 729 4406 836 4470; x_wconf 83' lang='lat' dir='ltr'><em>rolutir</em></span> <span class='ocrx_word' id='word_1_261' title='bbox 860 4404 977 4469; x_wconf 79' lang='lat' dir='ltr'><em>silentii</em></span> <span class='ocrx_word' id='word_1_262' title='bbox 1000 4403 1116 4483; x_wconf 80' lang='lat' dir='ltr'><em>leqitur</em></span> <span class='ocrx_word' id='word_1_263' title='bbox 1147 4410 1243 4464; x_wconf 83' lang='lat' dir='ltr'><em>morte</em></span> <span class='ocrx_word' id='word_1_264' title='bbox 1276 4398 1392 4462; x_wconf 87' lang='lat' dir='ltr'><em>Portae</em></span> <span class='ocrx_word' id='word_1_265' title='bbox 1416 4393 1459 4480; x_wconf 84' lang='lat'><em>(1)</em></span> <span class='ocrx_word' id='word_1_266' title='bbox 1483 4394 1590 4457; x_wconf 88' lang='lat' dir='ltr'><em>nulti-</em></span> 
     </span>
     <span class='ocr_line' id='line_1_33' title="bbox 457 4516 1588 4606; baseline -0.013 -16"><span class='ocrx_word' id='word_1_267' title='bbox 457 4525 585 4605; x_wconf 80' lang='lat' dir='ltr'><em>plicaor&#39;t</em></span> <span class='ocrx_word' id='word_1_268' title='bbox 607 4526 642 4590; x_wconf 85' lang='lat' dir='ltr'><em>r&#39;n</em></span> <span class='ocrx_word' id='word_1_269' title='bbox 661 4526 756 4606; x_wconf 90' lang='lat' dir='ltr'><em>pluro</em></span> <span class='ocrx_word' id='word_1_270' title='bbox 779 4524 941 4604; x_wconf 79' lang='lat' dir='ltr'><em>coempto.</em></span> <span class='ocrx_word' id='word_1_271' title='bbox 964 4531 1000 4586; x_wconf 93' lang='lat' dir='ltr'><em>ut</em></span> <span class='ocrx_word' id='word_1_272' title='bbox 1023 4524 1155 4585; x_wconf 80' lang='lat' dir='ltr'><em>mercen</em></span> <span class='ocrx_word' id='word_1_273' title='bbox 1177 4518 1318 4582; x_wconf 86' lang='lat' dir='ltr'><em>oenolcen</em></span> <span class='ocrx_word' id='word_1_274' title='bbox 1340 4518 1479 4597; x_wconf 72' lang='lat' dir='ltr'><em>laceret:</em></span> <span class='ocrx_word' id='word_1_275' title='bbox 1513 4516 1588 4577; x_wconf 81' lang='lat' dir='ltr'><em>leoco</em></span> 
     </span>
    </p>
   </div>
   <div class='ocr_carea' id='block_1_6' title="bbox 536 4787 890 4850">
    <p class='ocr_par' dir='ltr' id='par_1_8' title="bbox 536 4787 890 4850">
     <span class='ocr_line' id='line_1_34' title="bbox 536 4787 890 4850; baseline 0.003 -13"><span class='ocrx_word' id='word_1_276' title='bbox 536 4792 568 4850; x_wconf 79' lang='lat' dir='ltr'><em>ql)</em></span> <span class='ocrx_word' id='word_1_277' title='bbox 585 4787 661 4839; x_wconf 78' lang='lat' dir='ltr'><em>Porio</em></span> <span class='ocrx_word' id='word_1_278' title='bbox 678 4792 743 4839; x_wconf 85' lang='lat' dir='ltr'><em>morl</em></span> <span class='ocrx_word' id='word_1_279' title='bbox 760 4789 804 4840; x_wconf 85' lang='lat' dir='ltr'><em>nel</em></span> <span class='ocrx_word' id='word_1_280' title='bbox 823 4793 890 4839; x_wconf 73' lang='lat' dir='ltr'><em>lali.</em></span> 
     </span>
    </p>
   </div>
   <div class='ocr_carea' id='block_1_7' title="bbox 0 0 2092 5934">
    <p class='ocr_par' dir='ltr' id='par_1_9' title="bbox 0 0 2092 5934">
     <span class='ocr_line' id='line_1_35' title="bbox 0 0 2092 5934; baseline 0 0"><span class='ocrx_word' id='word_1_281' title='bbox 0 0 2092 5934; x_wconf 95' lang='lat' dir='ltr'><em> </em></span> 
     </span>
    </p>
   </div>
  </div>
 </body>
</html>
