4109 5934
836 713 1076 761 enonuruu
1369 774 1379 807 Ι
1494 696 1536 762 13

381 869 398 906 a
419 847 495 910 dum
518 845 695 909 editionem
711 843 783 906 libri
801 843 836 906 de
851 851 938 906 motu
952 840 1066 909 Stellas
1080 843 1165 908 louis
1180 851 1210 906 et
1226 850 1366 924 quotuor
1388 843 1537 906 comitum

374 978 396 1038 ,a
415 974 452 1020 oc
475 957 511 1020 de
528 953 753 1018 recentioribus
766 952 839 1016 coeli
852 953 1072 1033 phoenomenis
1084 959 1193 1035 parat,
1204 968 1305 1032 qnam
1316 950 1537 1016 inchoandam

378 1085 394 1122 «
414 1070 486 1146 post
509 1080 615 1127 unum
650 1078 796 1125 mensem
831 1061 911 1123 mibi
944 1061 1108 1143 pollicitus
1130 1067 1201 1125 erat
1235 1061 1269 1123 in
1303 1078 1364 1125 sua
1397 1058 1534 1139 epistola

378 1175 496 1238 «anni
523 1173 624 1247 1647,
649 1173 701 1236 die
726 1171 764 1235 11
790 1171 1001 1252 septembris,
1030 1189 1141 1238 mense
1169 1169 1339 1235 novembri
1366 1172 1537 1233 mortuum

379 1305 395 1342 «
411 1283 543 1364 accepi:
564 1289 596 1347 et
619 1282 698 1362 qnia
712 1288 807 1345 extra
824 1281 1063 1345 Monasterium
1081 1287 1158 1344 tunc
1174 1280 1381 1363 negotiorum
1399 1294 1537 1342 suorum

312 1371 316 1379 ’
378 1388 534 1459 «caussa
557 1393 709 1477 degebat,
732 1394 789 1473 qui
815 1393 958 1474 spolium
983 1402 1210 1475 occuparunt,
1237 1395 1359 1477 scripta
1381 1395 1538 1476 eJuseaut

377 1502 637 1583 «perdiderunt,
667 1501 721 1566 vel
744 1507 895 1582 surrepta
921 1517 987 1564 non
1014 1508 1220 1582 repererunt,
1245 1501 1329 1565 adeo
1359 1508 1428 1583 ut,
1446 1501 1538 1567 nulla

376 1631 393 1667 α
414 1610 653 1690 conquisitione
665 1615 787 1683 nostra,
801 1609 903 1673 immo
914 1625 956 1672 ne
968 1609 1080 1691 Magni
1092 1609 1225 1689 quidem
1235 1611 1409 1674 Hetruriae
1420 1609 1539 1685 Ducis,

379 1742 396 1779 (ι
417 1718 603 1800 recuperari
622 1719 786 1800 potuerint
805 1715 850 1802 (1)
873 1741 901 1779 u.
1434 1776 1445 1787 ,

464 1825 647 1890 ¹ludiamns
663 1826 867 1890 Montuclam
880 1826 914 1888 in
929 1842 990 1889 sna
1005 1825 1141 1890 bistoria
1153 1843 1266 1889 rerum
1281 1826 1533 1890 matbematico-

379 1954 395 1990 «
417 1950 500 1996 rum.
521 1953 537 1989 u
555 1933 629 1997 Post
646 1933 733 1998 bunc
749 1951 866 1999 casum
890 1933 1099 2019 (caecitatem
1116 1934 1270 2023 Galilaei)
1294 1954 1382 2002 unus
1403 1955 1447 2001 ex
1464 1938 1535 2019 ejus

376 2061 393 2098 «
413 2040 595 2121 discipulis,
610 2041 665 2105 cui
681 2058 803 2105 nomen
817 2041 1008 2107 Vincentius
1025 2043 1209 2118 Renierius,
1222 2044 1424 2109 Tabularum
1435 2044 1538 2108 Medi·

376 2168 548 2216 «cearum
570 2158 699 2226 auctor,
726 2168 746 2214 a
774 2152 897 2233 Magno
919 2151 1009 2216 Duce
1033 2152 1207 2219 Hetruriae
1229 2152 1384 2228 incitatus
1407 2152 1471 2217 tuit
1492 2153 1537 2216 ad

376 2283 392 2321 u
412 2279 494 2342 opus
506 2260 815 2325 continuandumde
828 2260 983 2324 Mediceis
996 2260 1170 2339 Sideribus,
1180 2266 1212 2324 et
1224 2261 1265 2323 ad
1279 2261 1407 2324 tabulas
1419 2279 1535 2325 eorum
1591 2243 1593 2247 ’

377 2394 394 2430 α
414 2380 565 2437 motuum
578 2371 801 2454 perficiendas.
817 2373 853 2436 ln
867 2372 928 2436 bac
941 2390 976 2435 re
991 2372 1162 2435 Renierius
1174 2371 1287 2434 decem
1299 2388 1403 2433 annos
1417 2388 1535 2434 revera

376 2500 392 2536 u
412 2481 633 2560 consumpsit;
649 2484 858 2560 mperatum,
872 2484 908 2542 ut
921 2479 1100 2553 dicebatur,
1116 2496 1214 2543 suum
1230 2495 1312 2559 opus
1328 2478 1417 2559 prelo
1434 2477 1535 2540 babe-

375 2607 393 2643 «
413 2588 479 2662 bat,
500 2586 632 2666 quando
648 2587 815 2668 repentina
839 2604 927 2650 mors
953 2586 1096 2651 auctoris
1125 2586 1244 2650 barum
1268 2586 1533 2650 lucubrationum

380 2715 398 2752 a
417 2693 528 2758 fructu
543 2699 746 2758 astronomos
757 2693 936 2759 frustravit.
949 2691 1069 2758 Omnia
1086 2693 1173 2757 illius
1185 2693 1318 2774 scripte,
1333 2690 1537 2772 Galilaeique

374 2803 517 2866 «eidem
541 2804 675 2879 tradita,
696 2809 917 2879 evanuerunt,
940 2821 1001 2866 nec
1028 2800 1337 2891 Magnilietruriae
1361 2800 1461 2882 Ducis
1483 2800 1536 2863 in-
1641 2791 1646 2819 ¹

373 2934 391 2972 a
414 2912 606 2994 quisitiones
622 2930 661 2976 en
676 2912 818 2994 reperire
835 2913 1021 2976 valuerunt.
1045 2912 1211 2975 incertum
1224 2916 1274 2975 est
1296 2917 1405 2975 tamen
1421 2916 1535 2974 utrum
1620 2914 1631 2947 .-

373 3045 389 3082 «
414 3022 586 3087 Renierius
609 3023 677 3103 ipse
693 3040 775 3103 opus
796 3005 1100 3102 perfecissetquod
1114 3005 1274 3083 desiderio
1293 3019 1464 3096 doctorum
1481 3036 1535 3082 re-
1607 3034 1610 3037 ·

374 3152 391 3189 a
410 3132 598 3214 sponderet,
614 3149 657 3195 an
676 3131 801 3212 potins,
825 3128 865 3192 de
883 3129 1055 3204 industria,
1079 3130 1215 3210 ipsemet
1237 3116 1324 3211 opus¹
1341 3147 1438 3194 suum
1454 3147 1534 3209 pru·

376 3261 392 3298 a
414 3240 527 3304 denter
549 3239 813 3321 suppresserit».
835 3236 880 3322 (2)
1421 3221 1423 3226 ¹

459 3349 613 3414 Perellius
625 3345 672 3432 (in
686 3348 803 3426 Pisana
814 3347 1030 3411 Universitate
1043 3347 1217 3429 praeterito
1227 3347 1359 3412 saeculo
1379 3352 1532 3425 astrono-

370 3454 455 3541 mus)
471 3456 608 3537 loquens
631 3455 671 3517 de
691 3437 861 3535 repentina
874 3459 979 3516 morte
996 3453 1139 3542 Renierii
1157 3452 1248 3516 addit
1263 3452 1359 3518 baec:
1378 3455 1532 3519 «Eotam

439 3699 473 3758 (t)
490 3695 673 3758 Alrnagestnm
689 3693 804 3754 nomm,
821 3694 852 3743 Τ.
869 3692 895 3750 l,
915 3707 973 3756 paq.
990 3696 1049 3752 tell,
1066 3691 1117 3741 ool.
1130 3685 1222 3751 t,'nec
1239 3705 1291 3742 non
1303 3693 1333 3741 Τ.
1350 3690 1389 3751 ll,
1402 3705 1458 3755 pag.
1471 3693 1531 3750 uto,

372 3777 423 3826 eol.
440 3782 463 3827 t.

443 3863 474 3922 (ἰ)
490 3864 597 3923 «Aures
616 3867 656 3910 cet
672 3866 818 3910 wemmam
834 3875 870 3910 un
886 3862 916 3910 ds
942 3873 982 3908 scs
1006 3860 1142 3922 ductptes,
1161 3863 1262 3908 nomme
1283 3860 1390 3910 vimus
1405 3857 1535 3920 Beuum,

368 3959 382 3990 a
400 3950 493 3993 auteur
518 3948 563 3996 des
590 3945 681 3995 Tables
703 3945 848 3999 illuuiem,
871 3945 913 4006 sut
932 3946 1026 4006 cborpe
1048 3957 1102 4005 pur
1124 3945 1148 3991 le
1166 3942 1289 3996 &andesc
1304 3946 1336 3994 de
1360 3945 1496 3993 comtum
1521 3945 1540 3990 d

367 4043 381 4072 a
397 4027 514 4077 observor
524 4031 560 4078 les
572 4028 703 4079 sutellim
713 4030 743 4079 de
753 4028 867 4091 Jupiter,
878 4034 904 4076 et
915 4030 945 4078 ds
961 4030 1062 4077 dmm
1071 4028 1116 4077 des
1126 4025 1209 4075 tobln
1222 4028 1254 4076 de
1266 4027 1336 4075 leurs
1349 4030 1534 4075 musmones.

368 4127 382 4156 α
398 4111 513 4172 Iteyncri
524 4125 557 4160 eu
566 4111 623 4175 effes
633 4111 795 4173 pbcuuillu,
805 4117 832 4159 et
842 4112 890 4161 dic
898 4123 948 4159 uos
957 4111 1044 4172 apris,
1052 4110 1142 4175 squoir
1150 4123 1183 4156 co
1195 4111 1265 4164 loll,
1276 4109 1297 4157 il
1307 4108 1482 4164 κάτω-οη,
1491 4103 1538 4152 eur'

368 4212 382 4241 a
398 4195 420 4242 le
427 4196 506 4256 point
519 4197 549 4244 ds
566 4194 603 4243 les
621 4201 713 4244 cutm
727 4209 786 4243 scus
795 4207 897 4256 presse,
917 4193 1065 4256 lorsqu'une
1074 4193 1282 4255 mortimpreuuo
1298 4189 1541 4252 {rustrulesostro

369 4293 382 4322 «
398 4290 485 4325 omncs
502 4280 532 4327 de
551 4285 590 4325 eet
608 4291 728 4341 cuorcpe.
747 4280 813 4328 Tuus
826 4280 863 4327 les
879 4281 985 4341 popiere
997 4282 1029 4329 dc
1038 4279 1165 4340 dedecori,
1182 4279 1255 4327 uuest
1270 4277 1386 4338 Morsque
1402 4276 1438 4323 les
1454 4273 1537 4323 obser·

370 4373 383 4402 u
402 4361 506 4408 catium
523 4362 553 4409 de
572 4358 684 4416 Gulilee,
699 4363 744 4423 qut
757 4361 794 4409 lui
807 4363 914 4410 uenient
931 4365 970 4410 ete
986 4363 1106 4426 confides,
1116 4363 1287 4438 diepururqot
1297 4372 1360 4407 sum
1370 4357 1463 4420 quein
1477 4370 1537 4419 per-

256 4495 258 4508 ,
369 4441 538 4502 requisitione
557 4445 591 4492 du
613 4442 735 4494 Grunduc
752 4456 785 4492 ec
800 4450 881 4505 cuent
895 4446 1076 4517 purionscire
1092 4452 1233 4494 retrouosr.
1250 4444 1276 4492 Il
1291 4449 1376 4492 setuu
1386 4449 1536 4494 resecasset

369 4538 382 4566 a
399 4525 511 4574 aarum
521 4539 569 4588 que
579 4526 694 4587 Remum·
705 4525 875 4589 sulpureum
885 4528 902 4574 d
913 4527 1019 4590 quelque
1040 4527 1115 4577 ebore
1132 4529 1164 4577 ds
1182 4527 1258 4587 dione
1274 4529 1353 4577 d'ttre
1368 4529 1490 4589 repressa,
1511 4533 1537 4576 et

368 4619 382 4649 o
399 4605 451 4654 l'ou
461 4620 606 4669 scuppcone
621 4609 686 4671 qu'il
695 4611 829 4672 supprime
844 4608 1000 4658 totumue
1009 4609 1223 4670 ecnoucuilpur
1237 4615 1302 4658 cette
1311 4610 1436 4657 moon.»
1453 4607 1537 4670 (Εἰσὶ.

369 4688 413 4735 des
435 4689 541 4741 narem.
557 4691 615 4741 Par.
632 4691 676 4750 lv,
694 4693 722 4741 L.
739 4693 770 4752 V,
786 4692 805 4757 ss
821 4691 881 4752 lli).
900 4692 930 4741 ln
952 4692 1002 4742 boc
1018 4692 1076 4741 loco
1092 4691 1239 4754 Montuelr,
1260 4698 1289 4762 ut
1308 4693 1413 4743 criticus
1429 4697 1456 4741 et
1481 4695 1533 4741 stc·

368 4771 454 4834 ricus,
471 4774 581 4824 mirifice
598 4773 734 4825 claudicet.
1511 4768 1515 4779 ’
