4109 5934
442 737 505 800 iti
703 750 832 798 ciccum
857 750 896 794 nr
920 747 1143 794 senescemus
1166 748 1216 792 tn.
1241 729 1327 792 toto

579 921 792 971 nnsonrsrrrosrs
810 920 864 960 nuo
883 919 1000 960 uorucu
1019 918 1262 960 nemauttttrrmtn
1282 905 1345 975 (Cb.
1362 906 1410 975 tat
1427 904 1462 976 iit

522 1066 589 1126 Post
619 1065 752 1124 diutinos
778 1063 900 1125 labores
931 1069 1124 1124 revertamur
1155 1061 1427 1137 tandem,1)ivino
1462 1064 1594 1124 invocato

440 1166 567 1229 auritio,
590 1166 627 1226 ad
645 1163 769 1227 easdem
790 1165 1029 1242 disquisitiones,
1049 1171 1233 1242 quaerentes
1253 1171 1404 1242 quantum
1424 1166 1456 1224 in
1477 1184 1532 1227 uos
1546 1169 1596 1227 crit

440 1267 531 1327 trosee
552 1271 653 1326 motus
674 1265 791 1326 medios
813 1265 1020 1326 determinare
1042 1264 1074 1325 iu
1095 1264 1197 1326 Stellis
1218 1263 1365 1329 Mediceis
1383 1265 1534 1344 singutis;
1550 1269 1598 1328 ini·

440 1367 514 1425 tium
538 1371 692 1426 sumentes
721 1365 760 1425 ab
781 1364 943 1427 altissima.

438 1567 514 1632 Quia
533 1567 622 1640 igitur
640 1566 687 1623 die
705 1567 741 1620 20
759 1568 824 1624 dau.
848 1564 926 1632 ¹610,
944 1565 1022 1622 bora
1038 1565 1077 1622 ab
1096 1579 1161 1624 occ.
1178 1568 1206 1632 7,
1224 1571 1259 1642 (9
1275 1566 1406 1624 distabat
1420 1582 1439 1622 a
1454 1568 1600 1626 eircumie

545 1657 726 1714 rentiaJovis
737 1658 837 1728 (prout
846 1659 916 1714 tunc
925 1655 1081 1728 loquebar)
1093 1656 1207 1714 minuta
1216 1656 1388 1714 mundano
1396 1673 1435 1714 er
1445 1659 1599 1716 occidente.

439 1750 490 1807 trie
501 1765 573 1807 vero
587 1747 735 1822 sequenti,
747 1748 826 1806 idem
838 1743 886 1815 Θ,
898 1748 929 1804 b.
943 1750 1007 1806 030
1019 1749 1059 1805 ab
1071 1762 1151 1816 occ,
1169 1749 1301 1807 dbtabat
1319 1764 1339 1805 a
1355 1751 1431 1808 Jove
1447 1767 1551 1808 versus
1562 1768 1600 1807 or-

545 1847 608 1899 tum
620 1841 666 1896 50’
678 1843 796 1898 constat
817 1839 1006 1898 interstitium
1021 1841 1184 1897 secundum
1198 1841 1289 1900 tuisse
1301 1843 1426 1913 duplum
1438 1848 1467 1901 et
1481 1842 1600 1914 amplius

543 1948 635 2004 quam
647 1932 773 1989 alterurn
785 1932 896 2003 prioris
908 1932 976 1990 diei.
988 1934 1041 1991 Est
1053 1938 1153 1991 autem
1166 1939 1283 2006 tempus
1295 1935 1372 1993 iuter
1382 1937 1600 1994 observationes

544 2025 572 2079 tr.
589 2024 677 2088 1730,
687 2022 736 2079 cui
744 2026 917 2094 competunt
926 2024 963 2080 de
976 2027 1058 2082 motu
1068 2019 1102 2090 {D
1112 2041 1155 2098 qr.
1171 2024 1249 2081 tait
1258 2042 1265 2082 :
1275 2029 1306 2084 et
1317 2026 1389 2096 quia
1402 2041 1516 2099 corpus
1528 2027 1602 2085 toris

544 2116 675 2186 occupat
691 2112 830 2185 proxime
850 2113 887 2171 de
906 2127 961 2172 suo
979 2112 1053 2171 orbe
1070 2129 1117 2188 qr.
1131 2114 1195 2170 450
1206 2117 1255 2189 (2),
1268 2115 1404 2187 sequitur
1422 2116 1522 2189 ipsum
1534 2111 1601 2182 &in

544 2206 641 2277 prima
659 2206 868 2264 observatione
889 2206 1030 2264 distitisse
1048 2221 1066 2263 a
1084 2209 1158 2265 Jove
1184 2223 1289 2267 versus
1309 2223 1453 2268 occasum
1472 2225 1518 2283 gr.
1535 2212 1600 2270 bi:

542 2300 573 2354 in
591 2299 721 2356 secunda
739 2313 811 2355 vero
829 2312 933 2355 versus
950 2303 1049 2356 ortum
1072 2314 1116 2372 gr.
1136 2300 1206 2356 tta.
1229 2299 1306 2368 Quia
1329 2314 1402 2359 vero
1421 2317 1477 2373 per
1501 2301 1600 2359 multas

545 2388 743 2460 experientias
769 2394 955 2460 compertum
973 2393 1054 2447 esta
1082 2405 1143 2456 me,
1167 2389 1197 2446 in
1223 2390 1329 2461 primis
1348 2392 1601 2450 observationibus

551 2496 598 2537 me
626 2481 782 2537 aberrasse
809 2479 839 2535 in
866 2480 1098 2538 determinandis
1119 2480 1359 2554 elongationibus
1385 2483 1601 2540 stetlutarume

547 2575 630 2637 Jove,
648 2585 724 2641 quas
742 2585 779 2626 eo
807 2570 937 2629 minores
955 2571 1013 2629 ieci
1041 2586 1132 2644 quam
1159 2587 1215 2644 par
1242 2578 1339 2641 esset,
1365 2591 1428 2646 quo
1458 2575 1517 2647 ipsi
1540 2577 1601 2633 lori

548 2665 634 2718 erant
660 2661 840 2726 viciniores:
866 2662 956 2735 igitur
986 2665 1086 2721 verius
1113 2665 1170 2722 erit
1192 2665 1216 2722 si
1241 2680 1389 2737 ponamus
1406 2672 1442 2741 q)
1460 2667 1492 2722 iu
1511 2668 1599 2739 prima

546 2756 755 2815 observatione
773 2755 912 2814 distitisse
939 2771 957 2812 a
976 2760 1050 2814 Jove
1064 2773 1169 2816 versus
1191 2744 1333 2816 occasum
1356 2773 1402 2832 qr.
1422 2758 1499 2826 330,
1517 2759 1547 2815 in
1563 2774 1601 2814 se

546 2850 644 2907 cunda
662 2864 734 2906 vero
753 2849 816 2905 'tto
834 2864 938 2906 versus
957 2853 1064 2906 ortum.
1080 2850 1164 2907 Adeo
1184 2855 1216 2908 ut
1233 2850 1264 2906 in
1281 2849 1379 2922 prima
1397 2850 1601 2908 observatione

546 2939 686 2998 distamm
705 2937 807 2996 stellae
826 2953 844 2995 a
864 2942 968 2995 centro
986 2938 1068 2996 toris
1086 2938 1175 2997 tuerit
1192 2957 1236 3014 gr.
1260 2942 1306 2997 65
1324 2955 1430 3000 versus
1447 2956 1602 2999 occasum.

548 3034 577 3089 in
597 3031 726 3089 secunda
744 3045 817 3087 vero
835 3045 880 3103 gr.
899 3031 962 3087 935
977 3030 1017 3087 ab
1043 3030 1148 3087 eodem
1168 3036 1272 3089 centro
1298 3045 1404 3089 versus
1421 3037 1531 3088 ortum.

443 3133 554 3185 ttursus
572 3126 643 3198 quia
661 3125 691 3179 in
711 3124 860 3189 secunda,
878 3122 1054 3193 quaefacta
1072 3122 1128 3181 fuit
1145 3123 1211 3180 bor.
1231 3125 1295 3181 030
1313 3123 1353 3179 ab
1375 3137 1456 3190 occ,
1480 3123 1601 3196 exiguus

545 3218 576 3272 in
594 3221 728 3286 tempore
745 3213 843 3285 potuit
859 3227 944 3269 error
971 3211 1107 3271 accidere
1126 3213 1207 3284 quod
1224 3215 1260 3270 dc
1278 3213 1386 3284 prima,
1405 3229 1484 3285 quae
1502 3212 1598 3270 habita

544 3311 588 3363 est
606 3307 634 3362 b.
655 3307 682 3369 7,
701 3307 728 3360 ei
749 3303 773 3359 si
791 3317 939 3375 ponamus
958 3303 987 3359 in
1012 3302 1123 3374 prima,
1141 3303 1361 3376 elongationem
1381 3303 1484 3361 stelias·
1504 3321 1522 3360 a
1541 3320 1598 3360 mn

547 3407 594 3457 tro
606 3398 688 3455 doris
701 3397 791 3453 tuisse
803 3397 876 3462 935,
895 3395 925 3450 id
942 3411 1001 3451 non
1020 3395 1096 3452 bene
1113 3394 1251 3469 congruit
1262 3410 1332 3452 cum
1345 3396 1542 3467 experientia:
1557 3395 1600 3466 igi·

547 3491 593 3541 tur
604 3483 693 3541 credo
712 3497 799 3553 posse
816 3497 862 3538 me
878 3481 941 3537 siue
961 3494 1071 3553 magno
1083 3495 1185 3536 errore
1200 3482 1330 3536 statuere
1342 3481 1420 3536 bano
1433 3480 1600 3537 distantiam

545 3575 692 3632 secundae
721 3572 940 3630 observationis
968 3571 1059 3627 tuisse
1087 3588 1130 3643 qr.
1158 3575 1212 3626 tta
1231 3576 1335 3628 centro
1356 3572 1460 3638 toris,
1487 3572 1548 3628 sire
1566 3570 1598 3625 ab

546 3683 621 3740 auge
641 3681 728 3730 veru;
751 3670 780 3722 et
811 3664 881 3735 qnia
904 3668 974 3720 tunc
1003 3663 1241 3735 prostapberesis
1259 3663 1394 3720 addenda
1413 3664 1470 3721 tuit
1495 3666 1526 3730 0,
1551 3661 1598 3718 erit

543 3759 697 3831 elongatio
729 3756 831 3816 stellae
861 3757 900 3812 ab
931 3772 1006 3828 auge
1030 3755 1125 3811 media
1150 3772 1193 3828 gr.
1221 3754 1330 3812 35830.
1354 3756 1418 3813 Fiat
1438 3756 1538 3827 itaque
1566 3771 1601 3810 se

549 3866 642 3922 quens
660 3864 796 3905 oramen.

504 4115 536 4173 tt]
554 4111 621 4160 Cum
632 4110 663 4160 ad
681 4111 731 4160 boc
747 4123 854 4160 suarum
867 4108 1081 4161 lucubrationum
1091 4115 1217 4173 punctum
1229 4110 1398 4173 pervenisset,
1409 4122 1479 4159 noro
1488 4109 1596 4160 cumini

442 4197 590 4247 Satellitum
603 4201 689 4245 motus
700 4195 845 4257 subponere
857 4194 955 4244 studuit
965 4194 1112 4243 Gatitaeust
1130 4194 1179 4242 boe
1195 4198 1284 4242 autern
1298 4194 1352 4256 eqit
1368 4205 1417 4256 ope
1428 4192 1595 4243 edentem.

439 4294 550 4342 «quorum
568 4279 701 4341 specimen
718 4276 882 4325 solummodo
898 4276 941 4326 bic
957 4277 1126 4335 adducimus,
1144 4279 1203 4339 qnia
1221 4288 1266 4339 per
1283 4276 1351 4338 ipsos
1369 4288 1449 4325 noras
1468 4273 1599 4324 correctio·

440 4378 497 4420 nes,
516 4367 624 4424 excepto
642 4375 688 4424 pro
705 4359 751 4425 (ᾧ,
769 4360 893 4424 consequi
911 4373 963 4409 non
981 4362 1073 4422 potuit.

496 4448 527 4507 (2)
545 4445 747 4507 intelligendum
758 4449 812 4502 est,
822 4444 979 4493 diametrum
987 4444 1058 4492 loris
1068 4445 1170 4506 operire
1179 4457 1270 4494 arcum
1280 4442 1352 4492 uad
1362 4443 1462 4492 orbitae
1473 4442 1598 4493 Sateliiti‘-

441 4525 594 4589 ttujusmodi
623 4532 712 4576 autem
737 4527 918 4576 determinatio
942 4541 995 4575 non
1025 4531 1064 4575 est
1093 4527 1202 4576 omnino
1232 4525 1391 4576 infallibilis:
1422 4541 1485 4576 nam
1511 4528 1600 4576 eurus·

439 4623 565 4671 ponamus
591 4610 690 4659 radium
711 4611 809 4659 orbitae
826 4610 937 4659 dimetiri
955 4614 985 4657 25
1001 4608 1200 4659 semidiametris
1216 4607 1297 4666 toris,
1323 4621 1400 4657 arcus
1427 4612 1536 4670 opertus
1554 4618 1600 4655 nou

439 4691 550 4753 amplius
565 4698 633 4741 essct
649 4707 727 4756 quam
745 4692 826 4751 t⁰.ar¹,
837 4691 929 4742 saitem
948 4694 973 4741 in
990 4692 1112 4742 distantia
1129 4691 1214 4740 media
1230 4691 1327 4739 Terrae
1343 4704 1358 4739 a
1374 4692 1453 4741 dore:
1471 4693 1521 4741 nisi
1539 4701 1599 4740 ccm-

439 4776 544 4834 putetur
568 4779 737 4835 augmentum
756 4787 883 4836 apparens
899 4774 1017 4824 diametri
1035 4775 1116 4837 bujus
1132 4773 1263 4836 planetae,
1282 4774 1325 4836 qui
1341 4772 1429 4834 paullo
1446 4779 1509 4825 aute
1525 4774 1597 4824 ruem

439 4857 464 4903 in
491 4853 662 4915 oppositione.
