4109 5934
451 721 516 785 550
813 738 838 780 o.
861 736 975 782 raone
1004 736 1218 785 ceurennum

450 870 624 950 mysticum,
648 871 695 931 uti
718 884 803 930 nunc
824 867 902 948 tacit
925 868 1058 930 haeretic
1084 865 1240 930 Petriana
1255 870 1289 929 in
1303 869 1493 948 eoponendo
1511 867 1586 933 llo-

450 987 594 1049 cnometic
617 985 816 1066 impotrililec
839 986 975 1066 fictiones
998 983 1036 1046 de
1058 984 1146 1048 coelic
1169 992 1197 1047 et
1220 984 1333 1048 diuinis
1357 985 1463 1048 retur.
1480 984 1584 1049 Prae·

449 1112 533 1167 terea
554 1102 734 1173 sciendum,
757 1101 840 1183 quod
861 1101 970 1165 nullibi
993 1102 1177 1166 inueniatur
1198 1102 1355 1166 decretum
1381 1105 1420 1165 in
1450 1106 1581 1168 canoni-

452 1219 508 1282 bur
531 1214 706 1291 Ecclesiae,
730 1235 796 1281 non
816 1234 879 1281 erre
899 1217 1005 1299 pluree
1031 1218 1175 1283 mnndot.
1208 1217 1271 1283 Nec
1295 1219 1334 1282 l).
1359 1217 1497 1284 Thamar
1514 1221 1585 1284 dicit

449 1339 589 1400 taceare
611 1344 722 1399 contra
741 1333 833 1416 tidem
854 1336 887 1396 in
910 1337 934 1411 1,
962 1332 1089 1410 Ouaect.
1112 1337 1167 1411 il,
1188 1347 1248 1401 art.
1265 1337 1297 1412 3,
1314 1337 1369 1400 uli
1394 1339 1452 1402 noc
1476 1339 1578 1420 inqui·
1672 1334 1678 1349 ⁶

450 1456 501 1518 rit.
523 1452 624 1518 Locus
646 1463 754 1517 autem
769 1451 922 1528 loannis,
947 1453 1091 1519 Mundus
1109 1472 1166 1537 por
1180 1456 1289 1536 ipsum
1308 1454 1419 1518 factus
1440 1462 1506 1531 ost,
1524 1474 1582 1519 noo

451 1577 542 1651 ncaat
557 1570 641 1653 quod
660 1570 716 1632 aiii
736 1569 847 1632 mundi
869 1578 898 1633 et
920 1570 1023 1634 recula
1034 1587 1092 1652 per
1109 1574 1212 1651 iprum
1227 1571 1316 1652 (acia
1331 1573 1409 1642 rint,
1429 1571 1485 1635 red
1509 1581 1582 1635 tan·
1666 1577 1668 1580 ’

449 1698 519 1753 tum
538 1689 674 1771 affimat
696 1688 779 1771 quod
800 1688 936 1752 mecndur
960 1697 1065 1752 notter
1083 1706 1141 1769 per
1161 1690 1264 1770 iprum
1285 1690 1391 1771 [actui
1416 1699 1473 1753 ett.
1500 1689 1581 1756 Pro·

450 1809 505 1872 iat
524 1816 631 1872 autem
652 1815 732 1871 recte
758 1805 795 1869 D.
815 1804 970 1882 limmat,
997 1805 1081 1890 quod
1098 1807 1202 1888 plurer
1231 1808 1363 1872 mundae
1386 1808 1509 1891 alteque
1531 1827 1584 1873 or-

448 1927 520 1991 dine
541 1927 584 1991 ad
603 1945 706 1990 unum
727 1943 862 2009 nonem.
888 1935 924 1991 ut
949 1927 1091 2004 lecerunt
1122 1925 1316 1991 Democritus
1340 1937 1370 1992 et
1396 1926 1583 2009 llpicurur.

447 2061 535 2108 error
556 2044 596 2106 eit
617 2045 653 2106 in
675 2043 742 2127 fide.
765 2041 848 2108 Nom
869 2061 910 2108 ea
933 2044 989 2108 noc
1011 2046 1164 2125 sequntur,
1182 2060 1260 2108 caru
1281 2045 1350 2126 teri
1372 2047 1520 2120 mamae,
1545 2056 1585 2110 ut

447 2160 492 2223 illi
512 2160 632 2235 uolunt,
652 2162 772 2244 aitque
792 2161 971 2228 ordinatore
990 2161 1061 2226 Deo.
1079 2158 1142 2225 Sed
1153 2179 1267 2243 ponere
1287 2161 1388 2242 plura
1410 2169 1583 2244 cyrnmata

445 2295 549 2360 parca
570 2280 658 2343 intra
680 2297 782 2344 unum
803 2281 990 2356 monimum,
1010 2282 1156 2344 ordinata
1177 2280 1218 2345 ad
1242 2278 1354 2356 Deum,
1379 2297 1583 2362 nequaquam

447 2407 493 2461 ert
520 2407 630 2463 contro
657 2395 879 2480 scripturam,
912 2399 964 2463 sed
996 2399 1209 2464 tantummodo
1236 2407 1347 2463 contra
1369 2397 1580 2464 Aristotelem.

447 2514 532 2581 Nam
554 2519 647 2581 etiam
668 2518 751 2581 ratio
766 2515 802 2580 S.
823 2515 957 2581 Tnomae
980 2515 1079 2602 (quad
1100 2534 1164 2581 non
1186 2518 1227 2581 tit
1243 2517 1390 2598 partibile
1408 2534 1473 2581 ecre
1487 2517 1580 2581 aliam

450 2644 567 2698 terram
590 2635 626 2695 in
646 2632 716 2697 aliis
739 2633 864 2697 mundis
884 2642 1009 2714 practer
1031 2633 1134 2707 utam,
1156 2633 1306 2714 quoniam
1321 2631 1394 2696 illae
1414 2641 1519 2696 terrae
1538 2632 1581 2696 ad

448 2750 540 2813 irtam
562 2749 706 2812 uenirent
727 2757 757 2810 et
778 2765 851 2811 euos
873 2747 1085 2830 relinquerent
1107 2745 1213 2831 locor),
1234 2765 1276 2812 eo
1292 2745 1472 2813 Aristotelii
1498 2749 1583 2813 limi

449 2867 485 2931 de
508 2866 599 2932 Coelo
620 2875 665 2929 eet
689 2865 888 2947 deprompta.
912 2874 941 2928 et
964 2867 1043 2928 ninii
1062 2866 1154 2931 ualet.
1182 2864 1254 2932 Nan
1281 2869 1367 2931 enirn
1402 2885 1459 2932 cor
1478 2885 1583 2930 meum

449 2983 535 3050 radit
546 2983 698 3049 odiorum
711 2982 811 3046 cordio
831 2982 887 3045 tui.
908 2977 1025 3044 Omnia
1041 2997 1099 3045 tuo
1120 2983 1155 3043 in
1171 2992 1277 3046 centro
1293 2983 1576 3058 conrtatiiiuntur‚

449 3112 479 3167 et
492 3103 622 3186 prnpria
632 3102 775 3184 partium
786 3098 1046 3162 consimilitudine
1057 3111 1227 3164 cernantur
1238 3110 1267 3164 et
1277 3100 1424 3181 aaudcnt
1437 3098 1489 3162 Ad
1498 3117 1577 3163 cen-

444 3229 530 3283 trum
548 3217 640 3281 lunae
657 3216 795 3290 lunaria,
812 3214 853 3278 ad
871 3213 1023 3280 Mercurii
1039 3213 1243 3280 Mercuriolia
1257 3217 1468 3281 contendunt:
1483 3225 1580 3281 entra

443 3337 593 3399 circulum
619 3351 712 3396 suurn
736 3350 799 3394 non
823 3332 974 3411 olfaciunt
1000 3332 1126 3412 aliquod
1152 3332 1260 3395 meliur
1281 3350 1340 3413 pro
1362 3350 1406 3394 ee.
1431 3331 1475 3394 Et
1500 3351 1578 3405 cur,

442 3452 588 3516 cistellae
604 3461 678 3515 sunt
694 3451 981 3531 ejusdem'naturae
1005 3452 1038 3512 in
1064 3450 1220 3531 Peripate,
1239 3469 1299 3513 non
1319 3451 1456 3513 tendunt
1479 3452 1577 3514 altera

444 3574 477 3635 in
500 3572 640 3646 atteram,
662 3581 690 3633 el
712 3580 817 3651 partes
841 3570 937 3649 liujus
960 3570 1002 3631 ad
1025 3571 1118 3633 illius.

533 3689 703 3753 Praetereo
731 3687 922 3750 Universitor
948 3686 1134 3750 Parieicnsir
1166 3690 1249 3752 inter
1284 3689 1437 3753 articulos
1474 3706 1577 3753 corre·

444 3809 542 3871 ctione
569 3809 677 3887 dionos
693 3807 725 3866 in
745 3804 780 3865 D.
803 3802 920 3866 Thomu
941 3807 1027 3883 ponit
1051 3808 1145 3881 nunc,
1162 3807 1245 3887 quod
1262 3807 1403 3869 videlicet
1423 3825 1488 3870 non
1503 3823 1573 3887 pot·

443 3928 482 3988 rit
505 3945 567 3989 etse
589 3926 651 3987 olio
675 3932 767 3983 terra.
793 3919 845 3982 Sic
870 3922 952 3982 enim
984 3922 1103 3999 lioatur
1132 3925 1272 4005 potentia
1299 3922 1368 3985 Dei.
1395 3922 1467 3986 Non
1495 3925 1573 3985 enim

442 4043 477 4105 de
502 4042 651 4111 naturali,
672 4040 773 4112 aiunt,
796 4054 897 4098 sermo
920 4046 963 4098 est
985 4040 1019 4101 in
1044 4041 1205 4119 theoloqia
1227 4041 1280 4104 sed
1303 4041 1339 4103 de
1363 4040 1485 4104 diuina.
1513 4037 1572 4102 Sed

438 4160 574 4240 profecto
598 4174 653 4219 neo
679 4156 716 4217 D.
737 4154 869 4218 Thomas
889 4157 954 4230 troc,
974 4167 1008 4220 ut
1029 4159 1072 4220 itti
1088 4161 1283 4241 imminuitur,
1301 4160 1336 4221 de
1351 4160 1496 4240 patentia
1516 4156 1568 4219 tm·

441 4276 599 4349 intellexit,
622 4273 665 4356 (et
688 4276 716 4337 ei
738 4276 874 4349 omnino,
890 4278 938 4336 uti
955 4275 1090 4350 debebat,
1115 4295 1146 4340 re
1171 4296 1234 4341 non
1254 4277 1452 4360 declaravit),
1476 4292 1567 4357 auum

440 4394 516 4459 alibi
537 4393 729 4458 contrarium
753 4402 884 4468 statuat,
903 4412 993 4473 porse
1011 4395 1098 4457 videl.
1120 4395 1219 4459 Deum
1236 4396 1337 4474 sarcre
1354 4394 1462 4474 plures
1478 4409 1568 4455 mun-

441 4515 493 4579 dos
517 4522 544 4577 et
568 4523 678 4582 terrae,
703 4511 756 4572 ted
778 4510 813 4571 do
837 4512 1001 4575 ordinaria
1022 4513 1213 4594 philosophia
1233 4509 1447 4585 Aristotelica,
1464 4518 1500 4573 ut
1517 4527 1572 4573 na·

440 4640 484 4697 tat
503 4635 595 4696 etiam
615 4630 792 4694 Caietanus.
819 4628 886 4694 lino
911 4634 944 4693 in
966 4633 980 4695 l
1004 4632 1039 4693 de
1063 4633 1150 4704 coeto,
1168 4633 1221 4695 ubi
1236 4632 1291 4694 troc
1307 4630 1473 4693 examinat
1493 4627 1570 4690 Ari-

437 4751 576 4821 stoteles,
599 4750 640 4812 ibi
664 4746 700 4809 D.
718 4745 849 4811 Tnomos
874 4749 978 4824 docet,
1003 4766 1202 4830 nequaquam
1239 4764 1299 4811 erse
1325 4754 1437 4810 contra
1460 4745 1572 4826 fidem,
