4109 5934
1557 686 1601 752 35

443 824 529 888 illius
549 821 752 904 phaenomcni
778 821 969 885 inventorem
990 818 1258 899 proedicavoruut,
1289 823 1431 900 qmmrir
1462 840 1519 886 uec
1549 825 1608 887 hoc
1692 875 1694 881 .

444 925 570 1005 quidem
589 923 709 988 licitum
724 923 818 1003 plane
831 927 911 985 esset
923 928 1050 1001 propter
1063 921 1143 982 illud
1155 922 1238 1000 quod
1253 922 1284 985 in
1298 923 1357 984 lanc
1371 923 1500 987 materia
1514 924 1608 986 hebe-

443 1046 514 1092 mus
534 1046 553 1089 a
572 1025 724 1089 Ricciolio
745 1023 801 1104 (1);
822 1027 1012 1103 quapropter
1027 1021 1099 1100 jure
1113 1023 1322 1097 concluditur,
1336 1042 1369 1086 se
1382 1024 1433 1085 uel
1448 1041 1608 1103 uunquam

444 1128 568 1201 vidisse,
591 1127 639 1187 vel
660 1126 787 1188 minime
808 1123 997 1186 intellexisse
1018 1121 1050 1182 id
1070 1121 1154 1199 quod
1172 1121 1277 1202 viginti
1295 1123 1466 1186 autcauuir
1477 1125 1609 1204 periente

441 1245 627 1309 cognoscere
646 1226 832 1289 mussent.

522 1329 644 1402 Quibus
659 1325 780 1407 positis,
800 1323 860 1396 tric,
881 1327 975 1403 prust
993 1321 1082 1391 locus
1103 1328 1287 1401 tempusque
1302 1323 1471 1401 pustulam,
1484 1323 1610 1385 declaro

442 1429 525 1508 quod
549 1428 585 1491 iu
615 1426 727 1489 Codice
746 1422 1021 1493 Observationum,
1041 1420 1149 1482 charta
1169 1419 1209 1480 tlt
1229 1440 1250 1483 a
1270 1427 1372 1501 tergo,
1396 1422 1451 1485 ubi
1480 1424 1609 1502 quidam

443 1531 557 1594 calculi
578 1527 776 1609 respicientes
791 1539 907 1587 annum
919 1521 998 1583 1616
1009 1522 1216 1595 continentur,
1228 1522 1346 1602 absque
1359 1523 1606 1602 quibuscumque

445 1633 516 1695 aliis
535 1629 746 1701 adveneritis,
768 1643 899 1704 sequeus
920 1622 1020 1703 tipum
1043 1622 1191 1701 aspicitur
1211 1622 1385 1702 descripta:

900 1872 1161 2147 Ο

525 2331 611 2397 llaec
623 2336 671 2394 est
683 2331 839 2394 midouter
859 2331 959 2411 ligura
970 2329 1087 2391 dunuti
1098 2328 1356 2406 Saturninum
1376 2327 1535 2391 Galileeue
1552 2328 1610 2390 hac

448 2432 714 2513 nrmpsrapcxit
727 2431 787 2496 sub
808 2430 871 2495 tine
890 2431 1020 2511 Augusti
1032 2447 1082 2492 au„
1099 2428 1237 2501 totoni
1252 2433 1333 2508 patet
1353 2445 1394 2492 ex
1413 2428 1612 2507 coquentibus
1707 2492 1709 2496 ,

448 2531 569 2598 duobus
579 2532 753 2612 epistolini
764 2533 876 2598 missis·
882 2530 938 2595 lat
950 2531 1052 2610 primu
1063 2530 1122 2591 riri
1130 2529 1279 2610 principis
1288 2526 1381 2605 cesti,
1389 2528 1440 2590 die
1449 2527 1612 2609 iiSepteut-

448 2634 513 2699 bris
532 2633 604 2698 dicti
625 2634 712 2707 anui,
728 2634 760 2697 iu
773 2649 837 2713 qua
850 2633 927 2696 haec
947 2632 1097 2713 luimus:
1110 2651 1127 2689 r
1138 2629 1185 2694 Lu
1199 2630 1304 2692 uorltd
1313 2629 1426 2694 calcato
1435 2629 1466 2691 di
1478 2629 1611 2691 Saturno

448 2754 465 2791 u
487 2731 557 2797 m'd
576 2737 753 2798 veramente
773 2738 853 2798 stuta
866 2730 899 2793 di
912 2731 1166 2797 ammirariouee
1185 2735 1321 2810 gustas
1337 2728 1414 2792 u’lro
1434 2728 1506 2790 dato
1526 2735 1632 2806 purte

448 2855 464 2894 a
483 2833 607 2899 arnolti
616 2834 723 2907 amici,
732 2834 819 2912 quali
834 2850 923 2895 meuc
935 2830 1270 2912 starauuoaspettaudo
1280 2847 1339 2892 oou
1349 2829 1501 2892 desiderio
1514 2829 1613 2890 inteu-

448 2953 465 2990 u
487 2934 559 2996 dere
574 2933 630 2995 che
642 2935 673 2996 lu
684 2933 919 2997 contiuuazioue
928 2934 1008 2995 dolie
1017 2932 1231 2995 Ossenauioui
1244 2932 1385 3011 discopra
1396 2931 1529 3010 qualche
1539 2948 1611 2993 cosa

449 3055 466 3093 r
487 3034 519 3101 dt
539 3035 609 3115 pii,
623 3052 643 3096 e
656 3034 694 3098 V.
707 3033 786 3097 S.nc
806 3034 904 3097 tuccia
922 3035 1025 3097 subito
1046 3034 1195 3113 partecipi
1215 3033 1246 3093 di
1268 3032 1368 3112 questi
1388 3033 1458 3093 ruci
1475 3030 1611 3092 mirabili

449 3153 466 3190 u
486 3132 683 3210 scopritueuti
698 3133 734 3195 ed
749 3135 951 3197 invensioni.»
964 3133 1073 3213 (tiss.
1087 3134 1167 3207 Gol,
1178 3133 1214 3194 P.
1225 3134 1278 3205 VI,
1289 3133 1323 3193 T.
1332 3133 1424 3204 xpe
1431 3133 1491 3213 10).
1502 3131 1557 3194 Eat
1568 3132 1614 3192 al·

448 3238 515 3295 tera
527 3232 674 3296 iohannis
688 3233 796 3309 Fabri,
817 3236 985 3298 academici
1007 3235 1112 3298 Lincei
1131 3241 1160 3297 et
1180 3233 1269 3298 Cesio
1290 3234 1397 3307 amici,
1413 3233 1484 3296 data
1504 3233 1554 3294 die
1576 3231 1614 3290 tu
1700 3300 1703 3305 ,

448 3332 584 3413 ejusdcm
606 3335 738 3408 mensis,
759 3342 788 3397 el
809 3335 857 3399 his
878 3335 978 3399 verbis
999 3341 1158 3415 concepta:
1179 3335 1237 3396 ult
1250 3336 1307 3416 sig.
1325 3335 1468 3415 Principe
1481 3332 1614 3415 (Casius)

450 3454 467 3491 u
489 3435 532 3495 mi
549 3434 589 3497 ha
605 3435 676 3498 dato
689 3443 777 3516 parte
798 3436 846 3498 dei
869 3438 962 3498 nuori
985 3437 1138 3502 ieuomeni
1154 3435 1193 3498 da
1207 3438 1247 3498 toi
1259 3437 1361 3498 veduti
1378 3437 1462 3497 uella
1475 3435 1569 3496 Stella
1582 3433 1614 3493 di

450 3552 466 3590 a
487 3531 640 3606 Saturno,
654 3532 732 3595 ch'io
748 3551 810 3595 uon
824 3535 993 3596 maucherd
1006 3533 1037 3595 di
1052 3535 1251 3596 comunicarc
1271 3535 1373 3597 subito
1393 3551 1452 3595 con
1475 3533 1499 3594 li
1521 3532 1614 3594 amici

452 3652 468 3688 a
490 3650 507 3693 e
527 3632 645 3699 inimici
662 3633 775 3704 uestri,
801 3633 965 3696 uccbcchc
987 3652 1049 3695 non
1070 3635 1194 3713 possino
1215 3634 1318 3696 levare
1343 3638 1453 3712 questa
1471 3632 1572 3713 gloria
1597 3649 1616 3692 a

453 3751 469 3788 a
491 3729 529 3791 V.
548 3730 579 3791 S.
599 3729 645 3794 La
666 3732 813 3794 manderd
828 3750 943 3795 ancora
964 3734 996 3794 al
1016 3735 1072 3815 sig.
1092 3732 1185 3795 carto
1200 3733 1383 3803 sorr-omno,
1399 3733 1612 3796 curiosissimo

454 3849 470 3885 a
491 3828 520 3889 di
536 3834 642 3908 queste
651 3830 765 3902 noviti,
778 3832 827 3891 cot
842 3831 935 3909 quatu
951 3831 991 3894 ho
1005 3837 1158 3893 contrado
1169 3833 1302 3911 qualche
1314 3832 1429 3894 servitiu
1444 3850 1498 3911 por
1510 3847 1614 3894 mezzo

454 3947 471 3984 u
492 3927 542 3988 dcl
561 3928 616 4006 sig.
636 3928 808 3999 Trivutzto,
828 3929 886 3989 che
902 3929 932 3989 di
955 3935 1097 4011 presente
1117 3932 1142 3993 si
1165 3939 1252 3993 trova
1273 3933 1322 3992 col
1345 3931 1415 4010 pud.
1436 3929 1563 3992 Niccold
1584 3929 1615 3989 in

454 4046 471 4082 u
493 4025 640 4106 Augusta.
660 4025 686 4085 E
703 4045 765 4090 non
784 4027 1017 4091 occurrendomi
1040 4029 1120 4090 altro
1147 4047 1192 4090 ec.
1228 4053 1244 4088 c
1277 4029 1292 4109 (
1300 4030 1345 4091 Id.
1366 4028 1460 4101 ibid,
1480 4027 1526 4088 ch.
1548 4027 1614 4106 12.)

454 4128 590 4192 Amissis
615 4120 760 4209 epistolae
784 4128 914 4191 Galilaei
936 4129 975 4190 ad
995 4129 1119 4192 Cesinm
1141 4131 1172 4192 in
1194 4131 1252 4192 hoc
1272 4133 1506 4207 argumentum,
1528 4126 1615 4187 valdo

452 4226 642 4308 deploranda
663 4235 717 4290 est.

532 4330 651 4393 Paucos
672 4348 726 4410 per
747 4346 853 4402 annos,
868 4347 945 4409 quos
966 4331 1075 4393 deinde
1097 4334 1128 4392 iu
1149 4331 1295 4393 coelestes
1309 4327 1536 4393 observationes
1549 4346 1618 4408 pcr-

453 4429 590 4504 durarit,
610 4448 673 4493 nou
694 4430 829 4510 amplius
849 4429 988 4494 Galiluoo
1007 4434 1186 4512 conspicere
1207 4434 1313 4496 datum
1333 4432 1389 4495 tuit
1405 4450 1511 4496 rarum
1527 4434 1619 4515 hujus

455 4534 526 4593 astri
548 4537 701 4612 aspectus,
715 4538 746 4594 et
761 4532 851 4594 hodic
862 4547 986 4613 qnoque
1001 4533 1084 4596 haud
1104 4535 1193 4597 tacite
1208 4534 1266 4597 hoc
1281 4535 1520 4615 assequendum:
1537 4554 1614 4615 qua-

455 4635 579 4711 propter
599 4633 632 4695 in
652 4649 709 4694 suu
729 4633 857 4713 epistola
887 4652 936 4696 au.
969 4631 1048 4694 litto
1078 4634 1117 4695 ad
1149 4652 1179 4715 p.
1211 4634 1389 4698 Castellium
1424 4637 1556 4718 (citatur
1586 4637 1617 4697 in

516 4770 552 4834 (t)
573 4771 754 4836 Almagestom
771 4787 878 4835 norum,
896 4775 971 4825 Tum.
989 4775 1010 4824 i.
1029 4788 1085 4839 pag.
1104 4779 1216 4825 tal-tto.
