4109 5934
813 768 965 814 aoococrs
988 769 1046 815 ono
1069 770 1213 816 ascrcao
1512 759 1576 825 513

444 901 528 976 aunt,
551 918 607 963 nec
630 900 717 964 ultra
738 900 961 981 quaerendum,
984 906 1166 980 praesertim
1191 911 1259 982 post
1279 900 1448 985 annqelii
1478 907 1576 970 lucem

444 1029 473 1084 et
495 1020 569 1084 noni
590 1017 675 1083 oriris
697 1035 736 1083 oa
757 1015 918 1081 stellarum
941 1016 1161 1090 incentionem,
1191 1036 1256 1101 qua
1276 1021 1375 1101 prisci
1401 1032 1575 1087 caruerunt

445 1138 566 1202 suntet
582 1135 648 1198 tuoe
670 1133 757 1215 pelei:
778 1150 859 1215 quae
878 1134 999 1215 perficit
1018 1135 1052 1196 in
1069 1135 1158 1198 nobis
1173 1143 1326 1199 naturam
1344 1153 1441 1219 supro
1457 1137 1577 1204 Is'tlsni-
1628 1117 1633 1124 ¹

443 1271 510 1330 cor,
531 1271 596 1318 non
622 1252 767 1334 deprimit
788 1253 846 1316 sub
877 1270 987 1316 eorum
1015 1253 1114 1333 iupa:
1140 1271 1213 1316 oum
1247 1272 1355 1319 eorum
1385 1256 1578 1340 philosophia

443 1375 486 1437 sit
507 1369 733 1442 catechismus,
755 1376 784 1432 et
814 1378 922 1432 nostra
944 1369 984 1432 sit
1008 1369 1149 1450 perfecta
1171 1369 1324 1445 doctrina,
1349 1381 1421 1435 teste
1446 1372 1599 1454 cyrillae,

444 1471 806 1568 onesimumque·
828 1495 873 1551 est
897 1487 973 1550 liber
999 1485 1058 1549 Dei
1079 1494 1109 1551 et
1137 1487 1323 1569 sapientiae.
1347 1489 1458 1553 meiius
1481 1490 1578 1571 leqere

442 1606 623 1689 poterimus,
644 1606 673 1669 si
693 1605 841 1687 qratiam
862 1621 942 1686 quoe
966 1611 1011 1667 est
1035 1608 1070 1668 in
1098 1603 1186 1669 nolis
1218 1623 1282 1669 non
1316 1606 1521 1698 neqliqamus:
1549 1617 1578 1672 et

448 1725 505 1789 loc
527 1723 597 1787 dico
617 1723 745 1786 caeteris
764 1700 908 1804 paribus.
932 1718 1004 1785 Non
1027 1722 1112 1784 enim
1134 1722 1288 1784 rusticum
1302 1723 1467 1802 inqeniurn
1484 1722 1578 1788 Ciri-

447 1841 547 1906 stians'
571 1840 784 1922 adaequamus
807 1840 935 1919 inqenio
958 1838 1119 1910 Platonis:
1139 1839 1193 1902 sed
1210 1841 1340 1918 inqenio
1362 1842 1464 1910 nasci.
1487 1841 1579 1923 quola
1678 1921 1686 1934 .

445 1961 509 2043 suit
523 1960 559 2022 in
575 1957 704 2023 Rlatons
727 1966 757 2021 st
778 1957 859 2029 aliis,
874 1957 1085 2030 ostendimus,-
1103 1974 1182 2039 quos
1193 1966 1263 2039 post
1282 1956 1493 2039 annqelium
1507 1961 1578 2040 plus

441 2078 592 2160 proficere
605 2076 642 2139 in
654 2076 793 2140 scuntiis
810 2076 915 2140 pauni
930 2093 1026 2158 quom
1050 2073 1141 2141 Plato
1163 2084 1192 2140 et
1207 2077 1271 2140 olii.
1292 2075 1337 2139 Et
1356 2078 1411 2140 noc
1432 2077 1524 2142 Plato
1542 2081 1577 2141 in

448 2192 565 2279 Hippia
589 2195 686 2258 etiarn
707 2195 801 2269 dimit,
825 2195 908 2277 quod
935 2195 1121 2259 recentiores
1143 2213 1208 2259 non
1230 2195 1340 2259 cedant
1362 2197 1494 2276 priscis,
1517 2198 1579 2260 nisi

448 2314 485 2378 oo
506 2311 662 2377 inuidiam
689 2303 855 2389 niodum,
879 2323 907 2376 et
930 2316 1161 2379 uenerationem
1180 2321 1388 2380 mortuorum.
1412 2311 1455 2377 At
1479 2333 1578 2396 neque

448 2428 677 2503 mutescunt,
699 2430 814 2493 iterum
844 2430 998 2511 probatur
1019 2449 1061 2495 ea
1083 2449 1132 2504 eo,
1167 2430 1251 2514 quoa
1280 2431 1364 2496 Deus
1401 2431 1499 2495 bonus
1533 2441 1580 2495 est

449 2546 617 2629 quaerenti
637 2562 678 2619 se,
701 2553 737 2609 ut
757 2547 804 2610 ait
826 2545 994 2618 Ieremias:
1014 2553 1043 2609 et
1064 2562 1182 2627 semper
1204 2563 1285 2612 noco
1312 2546 1440 2625 recolat,
1465 2556 1501 2610 ut
1530 2522 1580 2612 oi·v

447 2682 519 2729 suen
532 2673 707 2762 est‘supras
726 2671 755 2728 st
776 2663 859 2730 linit
880 2662 916 2728 S.
932 2664 1136 2729 Bernorslus:
1153 2665 1241 2731 llum
1258 2660 1469 2755 scissiones,
1487 2667 1579 2731 aliud

448 2799 515 2846 non
537 2782 687 2864 accipies.
711 2780 783 2848 Non
805 2800 879 2863 erqo
899 2776 1022 2863 [nestra
1044 2800 1163 2866 semper
1180 2784 1374 2865 quaerimus.
1398 2782 1443 2847 lit
1466 2779 1502 2848 S.
1518 2783 1580 2849 Leo

373 2887 376 2890 ⁴
447 2902 511 2963 ait.-
544 2900 609 2979 Qui
634 2907 727 2984 putat
760 2919 796 2966 se
830 2903 1009 2976 invenisse,
1039 2920 1104 2966 non
1128 2904 1249 2984 reperit
1276 2905 1442 2984 quaesita,
1467 2903 1579 2966 sedin

374 3089 379 3096 ⁴
449 3017 660 3098 inquisitione
682 3019 800 3083 deiecit
823 3020 912 3083 circa
931 3019 1060 3083 silvino.

773 3245 933 3322 macaron
962 3275 1107 3322 asssnrro
1135 3275 1280 3333 rencia„

545 3485 639 3562 Ouoo
653 3497 757 3552 autem
775 3489 984 3571 ptqsioloqs'ae
1007 3499 1037 3552 et
1059 3491 1269 3554 astronomiae
1285 3500 1398 3554 nietam
1413 3509 1468 3554 nee
1490 3491 1581 3556 Cisi-

449 3615 518 3669 stus
542 3621 599 3670 nec
624 3605 749 3686 elapsu
766 3607 942 3688 possusint,
954 3616 1125 3689 postquam
1138 3606 1274 3669 vidimus
1300 3604 1384 3687 quod
1395 3608 1493 3686 prisci
1507 3610 1581 3688 pisi·

448 3722 564 3804 losopni
585 3723 619 3787 ia
641 3741 705 3788 non
731 3725 945 3805 prostiterint,
968 3742 1055 3788 nunc
1076 3724 1167 3806 focile
1196 3723 1401 3788 declaramus.
1435 3721 1520 3786 Narn
1548 3728 1582 3788 in

450 3837 622 3920 Eoonqslio
651 3839 795 3905 Christus
829 3857 995 3923 nunquam
1018 3840 1055 3904 de
1080 3840 1219 3923 plpsicis
1241 3848 1269 3903 et
1292 3839 1508 3903 astronomicis
1531 3840 1582 3901 ai·

447 3965 591 4037 sociasse
614 3957 738 4038 leqltur,
759 3958 814 4023 sul
835 3958 871 4022 (le
894 3959 1075 4036 corallus,
1098 3967 1126 4022 et
1147 3957 1404 4039 promissionibus
1428 3957 1510 4020 oilae
1527 3972 1583 4019 ae-

449 4082 576 4139 ternae.-
597 4075 691 4157 eup'us
714 4078 799 4142 oium
821 4077 962 4160 eoemplo
983 4088 1013 4141 et
1036 4077 1186 4141 doctrina
1202 4085 1231 4140 et
1254 4077 1411 4156 sanquine
1426 4073 1582 4158 patefecit.

449 4190 596 4274 Proiecto
611 4195 706 4283 etium
720 4195 915 4279 superfluum
933 4195 965 4259 iri
978 4195 1100 4277 suisset.
1124 4191 1162 4257 Si
1183 4195 1267 4257 enim
1281 4194 1317 4257 in
1334 4193 1458 4273 oripine
1472 4189 1584 4254 mun&

449 4308 578 4374 tradidit
602 4310 688 4376 Deus
708 4312 863 4377 munuum
886 4312 1091 4394 disputationi
1113 4313 1291 4384 lominum,
1315 4320 1351 4373 ut
1374 4318 1583 4391 operarentur

448 4435 479 4490 et
500 4439 720 4510 coqnoscersnt
746 4430 850 4494 Deum
870 4448 927 4511 per
948 4447 986 4493 eo
1007 4446 1089 4512 quae
1110 4429 1196 4509 {acto
1217 4435 1310 4499 sunt,-
1331 4436 1361 4491 at
1385 4428 1495 4490 uilloc
1509 4441 1584 4506 pos-

448 4545 559 4623 simus,
582 4558 717 4613 montem
738 4548 924 4613 rationalem
947 4549 1036 4613 nolis
1059 4547 1198 4629 infudit,
1220 4554 1251 4609 et
1276 4546 1345 4609 aios
1372 4543 1583 4625 inoestiqoruli

449 4663 592 4745 quinque
612 4666 753 4731 sensoria
770 4664 917 4747 poteiecit
940 4663 986 4727 illi
1003 4664 1096 4746 quasi
1108 4662 1275 4742 fenestras,
1297 4671 1334 4725 ut
1357 4660 1445 4726 docet
1466 4659 1581 4725 Petrus

449 4781 607 4860 apostolus
628 4784 715 4865 apud
736 4792 882 4848 sanctum
905 4781 1114 4857 Clementem,
1134 4797 1192 4862 per
1220 4797 1301 4863 quas
1324 4779 1501 4854 munium,
1525 4777 1584 4842 Dei
1632 4771 1637 4782 '

537 4895 663 4954 Gscrcco
683 4897 810 4952 Gscrcur.
830 4928 854 4938 -
873 4896 905 4951 T.
927 4897 961 4950 V.
1432 4899 1466 4949 ol
