4109 5934
854 833 1160 915 andbundun

539 1071 650 1128 einen
674 1067 889 1135 SEQuErvms
909 1067 1220 1125 uffissuvnrron'ns
1238 1070 1466 1124 obruimur-:s

759 1293 792 1352 P.
817 1289 1030 1357 vinciuntur
1057 1291 1254 1356 nubuntur.

950 1543 1067 1553 0-—

535 1725 766 1787 Observutionnm
782 1726 958 1796 originalium
972 1727 1108 1793 collectio,
1120 1742 1204 1799 qnam
1218 1728 1300 1784 modo
1312 1729 1470 1793 ederemus,
1486 1744 1579 1798 aqna·

445 1829 512 1884 darn
522 1826 628 1884 scilicet
639 1825 838 1896 compilatione
851 1826 949 1896 incipit
961 1827 1068 1898 abipso
1082 1826 1215 1884 lienierio
1230 1828 1299 1884 iacta
1309 1830 1398 1899 quoad
1412 1831 1517 1898 primos
1530 1846 1578 1884 an-

446 1942 498 2005 nos
512 1930 639 1999 quamue,
651 1942 792 2000 qumque
806 1943 857 1983 nos
869 1941 954 1997 supra
972 1931 1066 1984 cetera
1085 1927 1147 1998 ejus
1163 1928 1264 1996 studia,
1278 1933 1308 1983 ιιι
1321 1929 1425 1999 passim
1438 1929 1579 1985 adnotabi-

446 2041 518 2094 mus,
536 2027 647 2098 sequuti
663 2042 768 2083 snmus.
787 2025 833 2081 lix
850 2026 965 2083 calculis
982 2031 1078 2083 antem
1096 2029 1183 2082 abeo
1202 2027 1337 2085 institutis
1356 2028 1392 2083 ad
1414 2029 1577 2084 earumdem

443 2125 671 2183 observationum
686 2125 862 2183 colladonem
882 2124 1051 2194 habendam,
1070 2131 1240 2185 memoratos
1258 2131 1375 2197 quatuor
1393 2143 1484 2182 annos
1497 2129 1582 2197 respi-

443 2224 595 2294 cientibus,
615 2225 767 2297 positisque
785 2240 849 2296 pag.
867 2224 978 2283 Codicis
997 2227 1033 2281 36
1051 2230 1080 2281 et
1097 2241 1190 2296 seqq„
1212 2226 1362 2295 diligenter
1376 2232 1404 2282 et
1417 2227 1578 2297 scrupulose

442 2327 580 2401 quendem
599 2327 699 2383 alioci
716 2330 745 2382 et
763 2326 897 2396 temporie
924 2326 1092 2396 collegimus
1120 2342 1167 2381 res
1194 2326 1368 2395 peculiares,
1396 2331 1425 2381 el
1454 2325 1578 2382 llenierii

444 2424 647 2496 compilationi,
666 2425 864 2496 posseisdem
882 2424 1003 2489 carebat,
1023 2424 1190 2484 addidimus.

538 2524 575 2581 Et
593 2524 639 2581 bic
658 2525 710 2599 tria
729 2529 797 2581 enni
814 2526 963 2596 praecipue
981 2525 1201 2583 consideranda:

522 2690 524 2694 ¹
538 2625 676 2693 Primum,
695 2627 768 2697 qnod
787 2631 938 2696 sequentes
950 2625 1180 2692 Observationes,
1197 2627 1271 2681 sdic
1284 2631 1316 2680 ιι
1329 2626 1397 2683 blaii
1413 2627 1582 2698 idibusque

446 2727 484 2785 ud
501 2723 774 2793 decembriarum,
791 2725 903 2783 babilae
918 2730 986 2785 sunt
997 2724 1125 2791 (ianuae,
1138 2726 1218 2796 cujus
1231 2726 1418 2782 meridianum
1434 2726 1582 2782 llonierius

447 2826 535 2882 borne
553 2825 668 2881 minutis
686 2830 703 2879 d
722 2826 811 2896 magis
829 2827 1031 2883 occidentalem
1051 2826 1164 2896 Pisano,
1185 2832 1214 2883 ct
1232 2834 1277 2894 10,
1297 2827 1468 2895 Florentino,
1489 2828 1584 2882 existi·

447 2927 551 2983 mabat
581 2927 754 2984 lndicabitnr
770 2927 1006 2986 Observationum
1025 2930 1103 2993 loous
1121 2929 1230 3000 quados
1249 2930 1367 2984 mutatio
1385 2930 1583 2986 intercesserit.

536 3025 713 3089 Secundum,
738 3027 812 3098 qnod
841 3025 989 3083 ltanierius
1010 3028 1134 3095 indicat,
1162 3032 1192 3083 ut
1220 3028 1307 3084 nostri
1334 3043 1445 3098 quoqne
1472 3029 1581 3091 solent,

447 3129 575 3197 tenum
589 3127 672 3196 iuxta
688 3126 765 3183 dem
782 3128 1015 3195 astronomicum,
1033 3143 1052 3184 a
1070 3131 1213 3187 umento
1239 3133 1430 3198 computatum
1458 3143 1514 3197 quo
1539 3127 1584 3181 Sol

449 3223 637 3281 meridianum
654 3227 842 3285 observatoris
860 3227 948 3296 undu
966 3243 1057 3298 usque
1075 3227 1144 3283 dum
1171 3230 1206 3284 ad
1235 3229 1422 3285 meridianum
1451 3228 1583 3283 eumdem

447 3339 547 3380 rursus
564 3327 686 3382 accedat.

539 3425 685 3495 Tertium,
704 3428 779 3498 quod
796 3428 916 3485 locutio:
934 3426 1089 3485 &ullum
1108 3428 1278 3498 coniunctio,
1296 3444 1351 3499 quit
1368 3445 1481 3499 semper
1501 3430 1586 3483 utitur
1660 3426 1661 3429 ’

450 3523 611 3592 llenierius,
629 3524 754 3582 adbibita
765 3528 801 3582 ab
812 3542 846 3583 eo
858 3525 905 3582 bic
918 3542 975 3583 non
990 3530 1034 3583 eet
1047 3541 1097 3596 pro
1111 3527 1159 3585 illa
1175 3527 1362 3584 astronomiae
1376 3529 1585 3597 conjunctione.

449 3624 485 3679 de
503 3638 558 3695 qua
574 3606 651 3696 loqui
669 3626 750 3694 solet,
769 3627 819 3682 sed
839 3641 890 3696 pro
903 3641 1021 3681 occursu
1039 3627 1158 3681 duorum
1177 3625 1335 3682 satellitum
1347 3626 1375 3679 in
1388 3628 1486 3682 eadem
1501 3628 1584 3686 linea.

450 3723 487 3778 ita
506 3727 551 3791 nt,
569 3726 804 3795 quemadmodum
825 3726 886 3795 ipse
904 3724 1046 3782 Galilaens
1069 3727 1099 3782 in
1118 3725 1304 3782 Trutinatoris
1323 3726 1404 3781 initio
1421 3727 1502 3784 dicit.
1523 3744 1586 3781 con·

444 3823 603 3892 iungantur
623 3827 679 3878 tam
699 3829 808 3892 axente,
828 3828 859 3880 ut
875 3824 941 3890 dno,
962 3827 1096 3896 unquam
1113 3840 1198 3890 unns,
1217 3828 1381 3894 appareant.

537 3921 672 3979 Nolumus
690 3925 812 3996 denique
831 3927 904 3996 qnod
925 3925 1055 3996 positioni
1074 3927 1239 3982 obserratee
1257 3939 1309 3982 nos
1336 3941 1399 3980 eam
1428 3926 1586 3980 addidimus

450 4037 487 4078 ex
513 4023 623 4078 calculo
650 4029 904 4094 repraesentatam,
921 4027 1152 4097 wiescnmqne
1170 4027 1199 4082 in
1220 4024 1265 4081 bis
1282 4024 1388 4080 chartis
1407 4024 1587 4086 invenimus,

452 4126 481 4176 nt
499 4123 668 4180 luculentius
681 4124 721 4193 id,
734 4127 808 4196 quod
827 4127 902 4182 circa
918 4128 1096 4184 difficultates
1109 4127 1291 4198 exposuimus
1309 4127 1339 4181 in
1357 4139 1426 4196 quas
1441 4123 1589 4180 lienierins

451 4220 566 4278 obenan
584 4221 614 4277 in
630 4224 778 4281 statuenda
797 4224 953 4283 Satelllinm
973 4227 1107 4296 tbeoriea,
1127 4231 1156 4282 et
1174 4227 1340 4282 inducendis
1359 4240 1455 4280 eorum
1481 4224 1589 4278 absolu-

457 4321 491 4374 tis
510 4320 749 4396 ephemeridibus,
771 4332 910 4395 appareat.
