4109 5934
795 864 1256 960 OBSERVATIONES

586 1145 635 1206 in
665 1141 852 1206 nuncio
883 1141 1105 1204 srnuuuo
1141 1142 1456 1204 nuseurrrau

940 1417 1113 1446 *

522 1747 578 1808 llio
598 1749 617 1806 7
638 1746 777 1809 Ianuarii
800 1748 941 1810 instantis
956 1749 1028 1809 anni
1051 1746 1139 1819 toto,
1154 1748 1231 1808 hora
1245 1748 1399 1825 sequentis
1420 1749 1518 1811 noctis
1539 1751 1603 1828 pri·

443 1865 511 1917 ma,
536 1864 608 1908 curn
629 1847 771 1910 eoelestia
800 1846 903 1908 sidera
927 1863 984 1926 per
1006 1845 1222 1925 Perspicillum
1254 1851 1440 1925 spectarem,
1465 1845 1605 1927 luppiter

441 1947 640 2012 seseobriam
654 1947 725 2010 feeit
736 1964 745 2021 ;
765 1963 900 2024 eumque
917 1945 1083 2008 admodum
1104 1946 1261 2008 excellens
1280 1945 1357 2008 milri
1380 1964 1538 2026 parassem
1559 1949 1607 2009 in·

442 2052 649 2110 strumentum
675 2045 779 2127 (quod
811 2052 899 2108 autea
920 2045 961 2106 ob
983 2044 1112 2107 alterius
1132 2046 1240 2124 organi
1262 2044 1449 2108 debilitatem
1477 2046 1604 2109 minime

442 2147 649 2229 contigerat),
668 2152 731 2209 tres
748 2145 795 2206 illi
816 2144 937 2208 adstare
956 2144 1117 2215 stellulae,
1141 2147 1270 2223 exiguas
1290 2144 1431 2222 quidem,
1452 2153 1605 2207 vemmta·

443 2267 513 2311 men
536 2248 742 2320 clarissimas,
768 2248 912 2328 eognovi3
940 2263 1036 2325 quae,
1057 2246 1130 2306 lieet
1149 2262 1166 2305 e
1185 2261 1315 2306 nurnero
1341 2244 1566 2306 innerrantium
1587 2265 1606 2306 a

445 2367 495 2410 me
517 2349 730 2421 crederentur,
756 2347 940 2411 nonnullam
972 2353 1077 2409 tamen
1097 2345 1269 2406 intulerunt
1299 2345 1548 2418 admirationem,
1569 2364 1606 2407 eo

447 2448 530 2529 quod
549 2448 718 2511 secundum
737 2453 876 2511 exactam
904 2448 1019 2510 lineam
1041 2452 1173 2518 rectam,
1194 2450 1286 2525 atque
1305 2443 1484 2524 Eolyptieae
1504 2447 1608 2524 paral-

446 2548 554 2610 lellam
566 2546 730 2627 dispositae
742 2547 937 2621 ridebantur,
948 2564 984 2610 aa
997 2547 1127 2609 caeteris
1143 2545 1354 2626 magnitudine
1365 2545 1492 2626 paribus
1505 2546 1608 2626 splen-

445 2647 588 2711 didiores.
609 2644 746 2727 Eratque
770 2648 897 2711 illarum
918 2648 998 2710 inter
1017 2665 1066 2721 ne,
1086 2653 1117 2709 et
1137 2648 1176 2709 ad
1197 2646 1303 2710 lovem
1324 2647 1395 2710 talis
1415 2650 1605 2712 constitutio:

445 2850 490 2899 0r.
820 2862 841 2902 a
952 2831 1056 2933 a&
1148 2863 1171 2903 a
1548 2854 1609 2904 Oet.

447 3066 486 3110 ex
504 3054 593 3129 parte
613 3048 731 3111 seilicet
747 3049 888 3111 orientali
906 3049 986 3110 duae
1000 3048 1128 3110 aderant
1143 3047 1270 3122 Stellae,
1292 3066 1354 3111 una
1375 3067 1445 3110 rere
1461 3067 1606 3112 oceasum

448 3165 562 3210 versus.
582 3146 786 3222 Orientalior,
802 3155 894 3230 atque
911 3148 1124 3222 occidentalis,
1141 3151 1235 3230 paulo
1256 3150 1388 3231 majores
1408 3151 1532 3229 reliqua
1557 3169 1610 3230 ap

447 3247 613 3326 parebant;
633 3247 671 3310 de
691 3247 840 3311 dixtantia
857 3250 936 3311 inter
950 3248 1034 3329 ipsas
1059 3255 1090 3310 et
1115 3248 1221 3312 lovem
1238 3242 1368 3312 minime
1383 3250 1532 3313 sollicitus
1549 3249 1607 3326 tni3

451 3345 533 3410 lixae
548 3348 646 3423 enim,
666 3349 712 3411 uti
733 3348 869 3411 diximus
888 3349 1005 3430 primo,
1025 3348 1160 3412 creditae
1180 3349 1313 3412 luerunt.

530 3445 609 3510 Cum
635 3454 740 3512 autem
760 3448 810 3511 die
829 3448 864 3524 8,
892 3450 996 3513 nescio
1017 3467 1080 3528 quo
1100 3448 1162 3512 lato
1181 3451 1305 3527 duetus,
1326 3451 1367 3513 ad
1392 3452 1611 3531 inspectionem

449 3548 589 3612 eumdem
609 3567 752 3612 reversus
771 3567 884 3622 essem
900 3550 993 3631 longe
1014 3550 1111 3614 aliam
1131 3552 1376 3615 constitutionem
1393 3552 1508 3632 repori;
1525 3561 1612 3615 erant

452 3648 536 3709 enim
561 3653 623 3712 tres
648 3648 796 3713 Stellnlae
822 3652 1028 3715 occidentales
1053 3671 1160 3716 omnes
1193 3653 1321 3728 olore,
1352 3658 1445 3733 atque
1472 3653 1553 3716 inter
1579 3671 1613 3716 ao

454 3746 615 3812 viciniora
629 3768 725 3829 qnam
744 3753 897 3833 superiori
911 3759 1016 3830 noete,
1030 3755 1216 3836 paribusque
1235 3754 1403 3818 interstitiis
1428 3758 1537 3816 mutuo
1553 3753 1614 3815 dia·

454 3852 626 3927 separatae,
646 3850 740 3914 relutl
763 3853 905 3933 apposita
926 3853 1093 3934 praeaetert
1113 3853 1292 3917 delineatio:

454 4053 500 4104 or.
1009 4033 1203 4137 (ipim
1550 4048 1611 4098 000.

454 4248 526 4325 llic,
547 4251 621 4313 lieet
645 4251 684 4313 ad
709 4257 849 4314 mutuam
874 4250 1041 4315 Stellarum
1062 4252 1388 4332 appropinquationem
1414 4246 1541 4309 minime
1565 4260 1617 4306 oo·

454 4351 633 4431 gitationem
650 4352 855 4433 appulissem,
870 4353 1022 4416 haesitare
1038 4358 1142 4415 tamen
1164 4352 1266 4431 coepi,
1283 4366 1418 4429 quonam
1435 4349 1525 4425 paeto
1543 4342 1617 4424 Jup-

457 4452 535 4530 piter
555 4453 595 4515 ab
614 4453 759 4516 omnibus
778 4453 943 4533 praedictis
963 4451 1034 4514 lixis
1054 4456 1155 4530 posset
1185 4446 1344 4511 orientalia
1374 4444 1520 4525 reperiri,
1540 4459 1611 4505 cum

456 4567 475 4611 a
495 4551 576 4614 binis
596 4570 635 4614 ex
656 4552 721 4615 illis
737 4554 836 4635 pridie
855 4552 1052 4616 occidentalis
1068 4551 1188 4613 luisset:
1210 4568 1246 4610 ae
1267 4547 1527 4628 proinde-veritus
1546 4564 1616 4609 aum

457 4670 496 4714 ne
516 4651 609 4726 torte,
639 4671 767 4717 recusa
789 4659 935 4735 oomputo
966 4651 1185 4724 astronomiam
1206 4649 1341 4711 directus
1361 4647 1451 4721 toret,
1483 4664 1520 4709 ao
1546 4663 1617 4725 pro

458 4759 562 4832 [terea
583 4759 668 4817 motu
682 4756 808 4835 proprio
822 4753 931 4822 Stellas
958 4757 1027 4820 illas
1042 4753 1259 4818 antevortisset
1273 4749 1465 4832 Quapropter
1483 4747 1620 4900 azanium
