4109 5934
805 753 1056 801 nasammonas
1080 757 1128 802 an.
1155 688 1240 803 1610
1539 744 1607 808 ⁸db

443 896 528 971 parte
548 887 691 949 orientali
713 886 807 947 Stella
828 887 990 964 quaedam,
1012 887 1179 947 admodum
1201 888 1323 966 exigua,
1344 907 1362 948 a
1383 889 1456 949 Jove
1477 889 1608 950 distabat

443 989 567 1053 minutis
588 987 730 1050 secundis
749 986 809 1047 ao:
830 992 946 1049 rectam
967 988 1006 1048 ad
1026 1005 1162 1067 unguem
1183 989 1383 1066 designabant
1404 989 1528 1051 lineam.

503 1091 558 1151 Die
579 1091 612 1162 2,
630 1089 719 1168 juxta
740 1089 822 1151 bunc
843 1088 983 1150 ordinem
1006 1089 1090 1151 visae
1111 1097 1182 1151 sunt
1202 1090 1333 1150 Stellae:

444 1299 489 1347 or.
818 1292 851 1356 Θ
1000 1271 1052 1373 m
1148 1290 1181 1356 Θ
1368 1291 1402 1359 Θ
1546 1297 1606 1345 000.

441 1508 502 1554 una
523 1495 643 1552 tantum
663 1479 824 1551 orientalis
845 1506 863 1550 a
880 1488 954 1550 Jove
973 1490 1106 1551 dbtabat
1120 1490 1193 1551 min.
1216 1490 1251 1561 o;
1271 1489 1355 1551 lovis
1371 1491 1410 1552 ab
1423 1491 1604 1554 occidentali

442 1591 581 1653 viciniori
604 1589 709 1651 aberat
729 1590 804 1650 min.
825 1586 860 1660 b;
881 1586 1060 1648 interbnne
1083 1595 1112 1648 et
1133 1588 1401 1650 ocsldentatiorem
1418 1588 1493 1649 min.
1514 1589 1534 1647 8
1551 1589 1609 1650 tuit

444 1695 656 1774 iutetuapedo:
674 1697 763 1756 aaut
782 1693 815 1752 in
835 1691 943 1752 eadem
963 1697 1048 1752 reeta
1072 1690 1111 1751 ad
1131 1707 1284 1771 unguem,
1317 1697 1347 1750 et
1378 1691 1513 1770 ejandem
1544 1690 1607 1751 iere

444 1795 672 1876 magnitudinis.
692 1793 750 1854 Sed
772 1793 801 1853 b.
821 1794 859 1866 ’1,
880 1796 1015 1870 quatuor
1037 1791 1164 1853 aderent
1183 1791 1310 1863 Stellae,
1336 1793 1416 1852 inter
1436 1808 1513 1870 quas
1534 1791 1608 1871 lup

446 1895 526 1974 piter
546 1894 686 1955 mediam·
700 1891 871 1972 occupabat
891 1889 1015 1953 sedem:

442 2100 486 2148 οι.
823 2095 855 2161 Θ
947 2074 1050 2177 oab
1195 2091 1228 2157 Θ
1410 2048 1452 2157 Θ
1545 2092 1607 2140 οΘ

446 2293 558 2355 barum
590 2291 757 2354 Stellarum
787 2289 968 2351 orientalior
999 2287 1130 2349 distabat
1161 2304 1178 2347 a
1210 2288 1346 2365 sequenti
1371 2288 1447 2349 min.
1472 2287 1505 2360 l3
1532 2289 1608 2349 baec

448 2415 468 2456 a
487 2393 561 2456 Jove
581 2396 656 2456 min.
679 2395 706 2465 l.
726 2411 784 2454 sec.
806 2393 864 2468 l03
885 2391 969 2454 Jovis
990 2391 1030 2452 ab
1050 2390 1231 2452 occidentali
1253 2390 1309 2452 sibl
1332 2391 1472 2452 viciniori
1505 2389 1609 2452 aberat

445 2490 519 2552 mtn.
546 2491 581 2563 ὃς
613 2491 688 2552 baec
723 2505 795 2552 tero
819 2490 858 2551 ab
889 2489 1118 2552 occidentaliori
1150 2490 1224 2550 min.
1255 2489 1295 2549 8:
1321 2495 1468 2569 erantque
1501 2507 1608 2552 omnes

445 2591 477 2652 in
503 2591 609 2652 eadem
634 2597 714 2653 reeta
739 2591 833 2662 linea,
859 2590 1027 2652 seeundum
1054 2591 1175 2654 Zodiaei
1204 2589 1425 2669 longitudinem
1453 2595 1587 2653 extensa.

505 2690 559 2751 Die
581 2691 614 2762 3,
637 2690 712 2752 bora
731 2692 764 2764 7,
789 2691 820 2751 in
841 2690 898 2751 bac
921 2691 1000 2751 serie
1022 2691 1186 2770 dispositae
1207 2691 1331 2751 luerunt
1350 2688 1484 2751 Stellae:

441 2886 485 2934 or.
939 2884 973 2952 <p
997 2866 1049 2971 (Θρ
1096 2886 1128 2949 (q
1362 2883 1397 2951 qn
1547 2886 1608 2934 (ua.

442 3081 601 3142 orientalis
623 3079 730 3142 atoue
749 3082 881 3145 distabat
914 3083 988 3143 min.
1011 3082 1038 3155 1,
1059 3099 1118 3143 sec.
1150 3082 1205 3156 30;
1236 3082 1434 3145 oooidentalis
1466 3081 1608 3161 proxima

444 3181 519 3242 min.
531 3181 567 3255 23
582 3180 622 3242 ab
636 3182 692 3243 bae
707 3198 781 3244 vero
792 3183 997 3262 elongabatur
1016 3183 1235 3245 oecideutalior
1249 3183 1345 3244 attera
1360 3183 1435 3242 min.
1451 3181 1497 3241 to.
1512 3180 1609 3241 Erant

445 3285 584 3364 praeciso
602 3285 634 3346 in
655 3285 761 3348 eadem
783 3289 880 3358 reeta,
900 3291 930 3347 et
947 3284 1171 3364 magnitudinis
1192 3284 1361 3363 aequalis..

504 3381 560 3444 Die
578 3382 612 3456 b,
633 3384 709 3445 bora
728 3384 762 3456 2,
780 3389 917 3463 quatuor
938 3386 1097 3446 adstabant
1121 3385 1248 3456 Stellae,
1268 3385 1433 3447 orientales
1455 3383 1550 3457 daune,
1572 3402 1608 3442 ae

442 3487 524 3548 duae
543 3484 816 3557 oenomaum
837 3486 945 3548 eadem
968 3488 1005 3548 ad
1025 3503 1161 3566 unguem
1184 3490 1267 3546 reeta
1286 3485 1368 3546 tinea
1391 3485 1567 3563 dispositae:

446 3697 490 3746 ur·
868 3698 902 3766 Θ
959 3680 1054 3784 a&
1145 3700 1177 3765 Θ
1308 3698 1343 3764 Θ
1548 3701 1608 3750 occ·

445 3888 625 3952 orientalior
641 3893 774 3956 distabat
801 3913 818 3956 a
850 3897 988 3975 sequenti
1009 3898 1084 3959 min.
1106 3897 1140 3972 33
1172 3897 1247 3958 haee
1269 3912 1341 3957 vero
1367 3914 1384 3957 a
1410 3896 1484 3957 love
1505 3896 1610 3957 aberat

446 3989 523 4050 min.
552 4008 613 4052 see.
641 3990 702 4068 ⁸03
733 3992 816 4057 lovis
847 3998 1028 4075 aproxima
1049 3997 1231 4059 occidentali
1253 3997 1327 4059 min.
1347 3995 1482 4071 t3t1aec
1502 3994 1610 4062 oboc-

445 4089 638 4153 oideutaliori
657 4094 733 4156 min.
754 4094 784 4156 6.
810 4093 1022 4177 Magnitudiue
1048 4105 1136 4160 erant
1165 4099 1230 4160 tere
1253 4098 1415 4178 aequales:
1438 4095 1609 4177 proximior

442 4189 509 4253 lovi
531 4192 661 4270 reliquis
681 4195 777 4274 paulo
798 4197 899 4259 minor
920 4199 1097 4278 apparebat.
1132 4197 1217 4261 liora
1237 4206 1341 4261 autem
1371 4199 1413 4270 ’1,
1443 4195 1610 4259 orientales

441 4289 554 4353 Stellae
585 4291 736 4357 distabant
768 4301 886 4358 tautum
924 4300 997 4359 min.
1030 4317 1088 4360 see.
1111 4299 1169 4359 30:
1190 4298 1273 4360 iovis
1305 4299 1344 4360 ab
1374 4296 1515 4358 orientali
1537 4296 1610 4357 viei-

443 4393 523 4454 niori
545 4395 650 4459 aberat
683 4399 757 4459 min.
790 4399 824 4475 23
848 4400 887 4461 ab
907 4401 1089 4464 occidentali
1121 4420 1193 4463 vero
1225 4407 1370 4481 sequente
1391 4401 1457 4462 min
1477 4399 1512 4475 l;
1534 4402 1610 4462 haee

446 4508 518 4556 vero
539 4495 579 4558 ab
599 4497 830 4562 oecideutaliori
851 4501 982 4564 distabat
1002 4503 1076 4564 min.
1099 4502 1136 4561 3:
1158 4507 1309 4581 erantque
1331 4504 1473 4580 aequales
1494 4521 1609 4576 omnes,

444 4601 475 4656 et
495 4595 527 4658 in
547 4597 654 4661 eadotu
676 4605 757 4664 testa
779 4602 949 4665 secundum
971 4601 1153 4682 Eettpttcam
1174 4609 1308 4665 extensa.

442 4800 487 4849 n.
898 4806 969 4874 ΘΘ
1000 4739 1059 4894 Θ
1136 4809 1169 4875 Θ
1226 4809 1261 4875 Θ
1551 4812 1613 4862 ove·

1498 4912 1515 4962 7
