4109 5934
802 741 1055 791 orsunvarrouns
1078 743 1128 789 au.
1154 726 1240 790 tolo
1560 729 1602 793 ll

498 884 554 944 llio
576 882 632 955 at,
652 888 715 943 tres
732 880 1047 953 moneodanum
1066 897 1185 953 omues,
1212 880 1295 943 risao
1322 888 1407 953 sunt,
1433 900 1469 943 au
1489 881 1553 943 lere
1574 883 1606 945 in

441 985 548 1047 eadem
570 1000 641 1045 cum
663 981 738 1045 Joro
758 987 841 1044 ronta
862 981 959 1044 linea:

443 1186 486 1235 or.
633 1180 667 1249 Θ
902 1179 974 1248 mon
1002 1163 1053 1265 Θ
1547 1187 1608 1238 uae.

443 1379 542 1442 media
564 1379 646 1441 enim
669 1378 788 1441 modioe
808 1379 841 1440 in
862 1383 1001 1441 austrum
1015 1377 1200 1441 deflectebat.
1213 1377 1280 1438 lovi
1296 1378 1500 1458 propinquior
1514 1380 1608 1443 dista·

445 1480 495 1540 bat
514 1479 553 1541 ab
572 1496 611 1541 eo
625 1479 706 1541 min.
726 1495 774 1557 pr.
788 1477 823 1552 23
844 1495 976 1557 munna
997 1479 1037 1541 ab
1057 1479 1115 1540 bno
1136 1478 1211 1541 min.
1232 1495 1291 1540 sec.
1313 1478 1368 1553 303
1390 1479 1429 1540 ab
1448 1480 1507 1541 bae
1534 1499 1607 1543 vero

444 1579 550 1640 aberat
569 1578 751 1640 orientalior
770 1577 846 1640 min.
867 1577 899 1650 9,
919 1581 1069 1656 erantque
1095 1595 1203 1640 omnes
1229 1578 1395 1641 admodum
1420 1579 1607 1659 splendidae.

445 1675 532 1739 Hora
551 1695 625 1739 vero
645 1683 744 1750 sexta,
766 1676 845 1738 duae
866 1677 1061 1739 solummodo
1082 1673 1148 1738 sere
1168 1676 1334 1739 offerebant
1354 1676 1467 1740 Stellae
1494 1679 1525 1740 iu
1548 1680 1605 1742 boc

449 1776 568 1853 positu:

448 1973 492 2023 oa.
663 1972 697 2039 (a)
918 1955 1054 2059 a&
1549 1982 1611 2033 ooe.

446 2177 535 2233 erant
554 2189 667 2251 nempe
687 2188 760 2233 cum
780 2169 853 2233 Jove
874 2173 906 2232 in
927 2171 1034 2233 eadem
1056 2177 1137 2232 reeta
1158 2171 1241 2232 linea
1261 2173 1302 2232 ad
1322 2190 1479 2251 unguem,
1506 2193 1524 2236 a
1550 2192 1613 2253 quo

450 2272 652 2351 elongabatur
677 2270 881 2351 propinquior
901 2271 976 2332 min.
1003 2288 1050 2349 pr.
1080 2270 1115 2345 3;
1141 2270 1237 2331 altera
1270 2288 1342 2333 vero
1374 2270 1413 2332 ab
1438 2272 1498 2333 bac
1539 2275 1614 2335 min.

454 2389 500 2448 pr.
522 2370 560 2430 8:
583 2371 615 2430 in
638 2386 747 2445 unam,
761 2371 791 2432 ni
806 2369 908 2444 lallor,
923 2371 1060 2432 coierant
1079 2369 1159 2430 duae
1179 2370 1298 2432 mediae
1318 2372 1405 2449 prius
1433 2371 1615 2434 observatae

454 2468 611 2530 stellulae.

512 2567 567 2630 lile
587 2567 640 2641 25,
661 2569 735 2631 bora
756 2571 794 2642 1,
817 2570 889 2631 min.
911 2569 964 2641 lo,
989 2570 1031 2632 ita
1052 2588 1084 2631 se
1105 2571 1236 2632 babebat
1255 2570 1450 2632 oonslilutio:

451 2769 497 2819 or.
686 2768 720 2837 m
836 2771 868 2836 (a)
1013 2753 1065 2855 Θ
1555 2774 1616 2824 uae.

450 2964 575 3027 aderaut
594 2967 677 3029 euim
699 2967 778 3031 duan
799 2975 918 3031 tautum
938 2969 1051 3032 Stellae
1064 2988 1104 3030 ex
1116 2969 1258 3030 orientali
1279 2969 1387 3048 plaga,
1410 2971 1546 3048 beneque
1566 2989 1615 3032 aa·

450 3065 487 3127 tis
518 3083 649 3146 maguae
679 3073 790 3131 erant:
822 3069 1002 3131 orientalior
1033 3089 1049 3130 a
1079 3069 1180 3131 modia
1202 3069 1334 3131 distabat
1355 3069 1428 3130 min.
1459 3069 1494 3142 5;
1515 3071 1639 3141 medial

452 3182 523 3228 vero
544 3185 561 3228 a
581 3166 657 3231 Jove
676 3169 753 3232 min.
776 3170 805 3231 6.

511 3265 566 3425 Dite
595 3268 649 3341 bo,
680 3269 755 3332 bora
787 3270 817 3343 0,
842 3270 916 3332 min.
941 3269 993 3342 to,
1013 3270 1180 3333 seueram
1206 3269 1396 3340 reordinatio
1430 3268 1617 3348 ejuscemodi

453 3368 516 3428 visa
550 3367 613 3427 ult:

451 3577 496 3624 or·
678 3570 713 3640 Θ
853 3571 886 3637 Θ
1010 3553 1061 3656 Θ
1172 3571 1205 3638 Θ
1555 3571 1616 3621 occ·

456 3771 671 3848 spectabantur
690 3770 774 3832 enim
794 3768 907 3832 Stellae
928 3775 1002 3844 tros,
1023 3786 1158 3849 quarum
1172 3769 1252 3831 duae
1264 3768 1443 3841 orientales,
1459 3768 1546 3829 tertia
1567 3783 1620 3828 oo·

452 3867 611 3931 cideulalis
631 3887 649 3930 a
668 3868 761 3930 Jove:
783 3869 860 3931 baec
880 3869 921 3931 ab
941 3887 979 3932 eo
1000 3871 1075 3932 min.
1096 3868 1116 3928 5
1137 3868 1259 3944 aberal;
1281 3866 1382 3931 media
1398 3884 1470 3929 vero
1485 3868 1619 3929 orienta-

452 3965 493 4028 lis
514 3967 553 4027 ab
572 3966 680 4030 eodem
701 3967 832 4030 distabat
850 3970 927 4031 min.
957 3967 988 4044 5,
1007 3985 1068 4032 aee.
1099 3969 1154 4045 um
1175 3967 1355 4030 orientalior
1385 3984 1457 4029 vero
1478 3985 1496 4027 a
1517 3964 1617 4027 media

451 4067 528 4131 min.
549 4068 588 4128 6:
603 4068 635 4129 iu
650 4067 758 4130 eadem
772 4075 856 4132 resta
877 4072 1075 4145 constitutae,
1088 4077 1117 4132 et
1130 4070 1266 4150 ejusdem
1288 4067 1508 4147 magnitudinis
1521 4071 1618 4126 erant.

449 4168 536 4231 Hora
556 4168 666 4232 deiude
687 4170 813 4249 quinta,
834 4172 1009 4236 constitutio
1038 4171 1102 4233 iere
1133 4173 1239 4233 eadem
1260 4170 1341 4243 luit,
1370 4170 1401 4231 in
1423 4168 1481 4229 boc
1501 4171 1620 4228 tantum

450 4269 644 4348 discrepans,
665 4271 748 4349 quod
769 4288 865 4352 prope
885 4272 990 4335 lovem
1012 4278 1124 4351 quarta
1144 4272 1273 4334 Stellula
1288 4291 1328 4332 ex
1348 4271 1465 4331 oriente
1484 4285 1620 4346 emerge-

447 4367 511 4441 bat,
530 4368 642 4430 oeteais
662 4367 776 4444 minor,
800 4370 905 4433 alone
925 4377 998 4433 tunc
1030 4375 1148 4433 remota
1176 4371 1250 4433 min.
1278 4387 1339 4432 sec.
1364 4369 1412 4442 30,
1436 4366 1490 4430 sed
1528 4369 1618 4446 panl-

450 4468 547 4531 lulum
564 4487 583 4530 a
597 4474 680 4533 recta
691 4469 774 4534 linea
785 4489 891 4536 versus
905 4473 1031 4538 boream
1045 4473 1250 4547 attollebatur,
1262 4479 1295 4534 nt
1307 4472 1445 4554 apposita
1458 4471 1556 4554 figura
1568 4473 1619 4534 da-

450 4583 608 4641 monstrat.

455 4775 562 4886 ⁰¹&
689 4779 724 4846 Θ
855 4785 888 4851 Θ
970 4767 1064 4873 oda)
1187 4786 1221 4855 Θ
1555 4790 1617 4840 00c·
