4109 5934
870 744 990 789 toruus
1019 745 1151 793 nactam
1510 739 1575 804 ltu

441 893 498 954 qro
519 873 709 937 retineretur
728 873 789 936 elli
811 875 845 934 tu
870 872 953 936 Coele·
967 875 1097 944 medlo.
1120 886 1260 956 rerpectu
1283 893 1394 942 remur
1414 882 1577 946 oculorum

442 1011 594 1067 suorum,
616 1009 690 1056 cum
712 993 782 1056 altu
806 991 985 1057 lomlm'lur
1008 992 1111 1056 eodem
1135 998 1281 1076 temporie
1296 999 1396 1079 epate‘o
1415 1002 1473 1064 tub
1494 1011 1578 1066 terra

442 1121 632 1178 moraretur.

531 1228 595 1296 Scd
617 1231 823 1311 lucoqltautea
848 1231 1018 1312 recpr'ae‘uut
1052 1232 1094 1294 ad
1122 1234 1220 1297 colam
1253 1236 1417 1299 uerborum
1450 1246 1579 1304 coutra-

443 1353 608 1415 rc'etatem:
630 1345 688 1414 Sol
709 1349 807 1420 ttett't:
834 1349 867 1411 t'd
889 1356 955 1427 eet,
984 1347 1084 1412 Terra
1118 1352 1219 1423 metite
1253 1369 1317 1416 uon
1348 1355 1578 1435 perpendentes,

444 1468 528 1552 quod
549 1469 608 1532 lae
629 1469 867 1532 contrarietates
891 1476 1017 1531 tautum
1033 1468 1120 1532 lutra
1141 1468 1251 1533 limitet
1275 1467 1395 1551 Optlcee
1414 1480 1443 1534 et
1467 1470 1579 1538 Astro-

446 1587 570 1651 uorm'ae
592 1594 782 1656 remeantur:
806 1602 861 1648 uec
885 1585 951 1650 ideo
972 1602 1004 1649 ee
1027 1595 1208 1651 extrorsum
1231 1589 1265 1650 r'u
1291 1606 1384 1652 urum
1418 1589 1580 1654 lominum

447 1703 597 1787 efferant:
618 1719 674 1766 nec
696 1701 800 1766 oldere
822 1704 947 1773 volunt.
968 1703 1023 1767 ltoc
1048 1705 1179 1770 um'cum
1202 1707 1236 1767 c’u
1260 1707 1338 1770 cotie
1362 1707 1505 1771 uolutare
1523 1707 1580 1772 Jo-

445 1839 548 1896 tuam,
570 1837 608 1884 nc
628 1830 747 1885 montet
766 1821 826 1901 lpu‘
841 1819 943 1884 Solem
960 1822 1123 1902 eriperent,
1138 1823 1222 1902 quod
1238 1833 1345 1887 uotum
1361 1825 1464 1889 cerole
1479 1826 1580 1907 eacplt'·

445 1941 521 2015 cult,
541 1941 646 2004 mucul
665 1940 828 2004 oculorum
845 1939 1075 2019 conformibus:
1090 1958 1163 2005 oum
1180 1942 1397 2022 importunum
1414 1944 1582 2010 admodum

443 2057 837 2141 loquentemque&
862 2056 1067 2122 Aetrouamt'a
1094 2059 1191 2141 deque
1224 2061 1311 2124 nuuc
1346 2062 1503 2126 errorlloeu
1528 2081 1580 2127 co·

446 2176 557 2256 qltare.

535 2292 574 2359 δῖ
594 2298 667 2379 qalr
689 2297 771 2359 eur'm
800 2297 984 2368 monuisset,
1008 2292 1109 2358 Solem
1140 2314 1205 2359 uon
1235 2303 1307 2359 vere
1335 2306 1448 2361 contra
1471 2298 1579 2360 uallem

447 2411 562 2495 Ajalort
584 2414 711 2488 moueri,
733 2413 786 2475 sed
800 2412 841 2475 ad
855 2429 981 2475 coneum
1005 2422 1148 2483 tantum:
1163 2429 1206 2474 au
1223 2431 1286 2475 nou
1304 2413 1508 2475 exclamasset
1524 2412 1582 2475 Jo-

446 2549 518 2604 cua,
540 2548 571 2594 ee
591 2540 705 2612 petere,
727 2541 762 2595 ut
786 2533 849 2594 dies
875 2533 935 2612 ipse·
955 2531 1164 2612 producatur,
1186 2547 1384 2613 quacumque
1407 2531 1440 2593 ta
1461 2533 1582 2595 rollone

448 2650 523 2732 pat?
545 2645 665 2714 Eodem
684 2650 784 2733 t'qt'tur
805 2650 903 2722 moda,
928 2651 956 2713 εἰ
978 2651 1049 2733 quir
1071 2651 1131 2731 r'pu'
1155 2649 1237 2713 litem
1272 2651 1418 2712 mariscot
1441 2649 1476 2711 de
1500 2646 1581 2713 Solis

448 2767 580 2846 pereum
599 2767 711 2849 quiete,
737 2764 913 2848 Terraeque
937 2775 1034 2831 motu.
1052 2765 1158 2831 Facile
1178 2775 1286 2831 autem
1305 2765 1389 2830 lleue
1410 2783 1451 2830 ea
1464 2765 1581 2831 laeuae

449 2883 571 2959 cerole,
604 2884 682 2966 quld
703 2885 730 2948 lc
752 2885 860 2958 uellet,
892 2885 1067 2955 intellexit:
1087 2885 1305 2966 praectltc‘tque
1340 2884 1471 2948 lullolta
1497 2893 1583 2949 motu

454 3000 590 3074 Terrae,
626 3010 661 3063 ut
684 3001 727 3062 llll
750 3010 835 3064 stare
868 3001 1045 3064 eolderetur
1068 2998 1133 3065 Sol.
1161 3000 1322 3064 Petltr‘om’r
1351 3002 1435 3064 eue'm
1467 3000 1583 3064 Joeuae

448 3138 571 3184 euocma
606 3122 667 3183 luc
696 3119 827 3193 redibat,
863 3129 897 3181 ut
931 3120 988 3183 ltoc
1010 3121 1056 3182 m'c
1078 3120 1137 3181 elli
1160 3118 1260 3184 olderc'
1284 3116 1397 3200 portet,
1432 3117 1586 3199 quidquid

449 3239 575 3302 tulerim
598 3238 714 3303 Esset:
738 3239 851 3318 quippe
874 3239 929 3300 loc
953 3236 1052 3302 olderl
1074 3253 1194 3299 uanum
1216 3246 1244 3298 et
1267 3236 1396 3299 lrrltum
1426 3246 1490 3298 uon
1508 3235 1582 3315 salt,

450 3357 503 3421 red
524 3358 728 3439 conjunctum
753 3376 826 3421 cum
847 3356 957 3439 effectu
980 3363 1094 3436 optato.

541 3474 604 3539 Sed
626 3477 694 3540 alde
717 3495 784 3558 cap.
808 3473 838 3538 X
859 3474 1082 3538 Astronomlae
1094 3476 1195 3555 partu
1217 3471 1360 3554 Optc'eaee
1377 3473 1513 3536 inueniet
1531 3489 1588 3536 ra·

452 3597 564 3666 tiones,
586 3612 643 3658 cur
666 3593 742 3658 adeo
764 3594 911 3657 omnibus
936 3592 1114 3656 homiuibus
1138 3588 1194 3654 Sol
1216 3591 1333 3653 mooert'
1354 3591 1510 3666 uideatur,
1525 3609 1589 3655 non

451 3728 524 3775 oero
550 3708 671 3774 Terra:
694 3709 813 3774 scilieet
838 3728 911 3775 cum
926 3708 982 3774 Sol
996 3725 1117 3790 paroue
1132 3714 1293 3789 appareat,
1315 3704 1415 3769 Terra
1428 3724 1503 3771 occo
1521 3725 1588 3770 ma·

451 3847 542 3908 quae
563 3848 661 3912 neque
683 3826 767 3894 Solle
796 3838 898 3894 motus
934 3827 1213 3912 comprehendatur
1236 3828 1324 3896 cleu,
1347 3826 1385 3889 ol
1410 3824 1592 3889 tardt’tatem

452 3957 668 4028 apparentem,
692 3947 744 4010 ted
766 3949 1011 4012 ratiocinatione
1034 3947 1150 4016 colum:
1163 3948 1200 4008 ol
1218 3952 1373 4007 mutatam
1385 3952 1454 4024 poet
1473 3950 1590 4022 tempus

402 4114 407 4119 ,
452 4063 581 4145 aliquod
600 4064 871 4145 propinquitatem
894 4063 935 4126 ad
959 4070 1093 4132 montet:
1115 4060 1301 4142 impartibile
1323 4062 1424 4141 e'qe'tur
1456 4067 1521 4131 eet,
1558 4067 1592 4120 ut

453 4183 536 4246 ratio
561 4200 624 4246 uon
645 4183 737 4263 prlue
760 4184 884 4246 monita
906 4182 965 4244 eloe·
988 4182 1078 4246 allud
1098 4182 1302 4263 tmaqluetur.
1326 4197 1423 4261 qaam
1442 4176 1594 4242 Tellurem

452 4316 526 4363 cum
549 4301 692 4381 imposito
718 4299 799 4365 Coetc'
825 4302 946 4382 fornice
965 4317 1029 4366 esre
1047 4300 1141 4382 quael
1159 4315 1308 4380 maquam
1323 4299 1458 4372 domm,
1478 4299 1512 4358 e'n
1531 4313 1596 4376 qua

454 4418 615 4490 immobili,
638 4415 694 4480 Sol
717 4429 782 4482 tam
803 4433 904 4498 parca
927 4416 1035 4498 specie,
1059 4418 1163 4481 t'nrtar
1181 4416 1314 4481 voluens
1333 4417 1367 4477 ln
1383 4431 1453 4478 aere
1472 4429 1595 4493 oaqau-

455 4539 495 4599 u‘r
518 4537 559 4599 ab
582 4553 648 4599 aua
680 4537 776 4618 plaqa
811 4539 845 4598 tn
880 4536 978 4599 aliam
1002 4545 1153 4598 transeat.
1185 4530 1275 4609 Quae
1302 4534 1377 4597 adeo
1412 4532 1597 4612 lmaqr'uallo

457 4656 619 4720 nominum
641 4658 796 4731 amulum,
817 4656 954 4737 primam
977 4654 1090 4717 lineam
1117 4653 1199 4716 dede‘t
1224 4654 1258 4715 lu
1281 4669 1372 4716 caera
1387 4651 1515 4732 paqlaa.
1531 4650 1597 4714 lni-

455 4773 511 4842 tia,
537 4776 639 4854 inquit
668 4771 778 4845 Mores.
802 4773 929 4837 creavit
949 4770 1036 4837 Deus
1054 4770 1192 4836 coetum
1214 4775 1245 4833 et
1270 4770 1421 4841 Terram:
1441 4769 1518 4850 qula
1536 4768 1598 4830 rel·

540 4885 665 4941 titum»
698 4884 815 4941 Gautat
833 4917 856 4926 —
875 4885 906 4939 T.
925 4885 959 4939 t'.
1445 4885 1479 4936 et
