4109 5934
813 759 966 810 ttosoots
988 760 1048 806 sao
1071 758 1214 805 atussao
1511 743 1574 807 sut

450 895 560 959 oossrs's
576 889 962 974 prophetoreut‘auiiuis,
986 889 1070 970 Quis
1091 889 1157 960 det,
1179 891 1217 950 ut
1240 887 1414 952 universus
1437 889 1576 969 populus

451 1011 633 1094 prophetet,
655 1015 688 1074 ot
710 1010 765 1074 stet
788 1008 836 1072 itti
853 1008 1005 1075 dominus
1021 1006 1174 1088 spiritum
1192 1023 1301 1070 suum.
1321 1002 1414 1080 Quod
1427 1024 1513 1070 uuus
1529 1006 1579 1068 ai·

448 1137 528 1194 osrst
551 1128 639 1206 toupe
662 1126 761 1205 mauis
780 1126 816 1190 tir
833 1143 865 1188 se
885 1122 924 1188 D.
945 1123 1090 1189 Thomas.
1118 1120 1204 1186 Unde
1226 1124 1325 1200 moois
1348 1123 1577 1196 erubescamus,

446 1245 532 1328 quod
548 1262 608 1328 pro
631 1240 806 1315 Aristotele,
828 1259 892 1308 stoa
913 1261 972 1324 pso
996 1240 1115 1322 Mopse,
1130 1251 1185 1303 aut
1200 1258 1258 1320 pro
1278 1238 1314 1300 D.
1338 1237 1457 1304 Thomu
1474 1258 1578 1304 orasse

446 1363 591 1435 ausos,
609 1369 729 1425 nostros
748 1359 943 1424 Christianos
958 1378 1035 1439 prae
1051 1357 1217 1438 perstitihus
1234 1358 1454 1438 phylosophari
1471 1359 1577 1436 prohi-

450 1481 567 1544 hemus.

912 1716 1050 1781 CAPUT
1073 1715 1125 1778 Ν.

602 1972 818 2019 astronomo
844 1972 883 2016 tu
907 1971 1105 2021 thaumastus,
1130 1971 1247 2015 comt
1271 1969 1437 2014 attiuhan

800 2088 914 2133 CAHTB
937 2087 1032 2132 suttto
1054 2086 1229 2132 ottooossrt

911 2307 961 2368 hd
984 2308 1141 2370 Primum.

537 2538 589 2605 Ati
609 2540 749 2622 primum
781 2557 856 2623 erpo
889 2551 1001 2606 soutra
1024 2538 1222 2616 Gutitosum,
1254 2541 1514 2623 respondebamus
1548 2543 1582 2604 iu

449 2661 633 2742 quaestione
649 2659 854 2741 praecedeuti,
872 2660 928 2724 uhi
940 2661 1206 2734 examinavimus,
1224 2678 1267 2724 oo
1282 2662 1371 2725 tiseos
1393 2679 1506 2725 mosam
1528 2679 1585 2725 eu·

443 2777 514 2843 dere
533 2777 770 2859 philosophiam,
790 2787 821 2842 st
844 2777 1120 2861 Peripateoismum
1142 2780 1313 2842 autoritate
1328 2780 1469 2860 spatiare.
1485 2778 1579 2845 Nunc

447 2903 554 2961 autem
577 2895 710 2960 brevitor
730 2895 873 2971 mmmm,
894 2897 1083 2962 hoereticum
1107 2883 1171 2960 ess'e
1192 2906 1365 2969 assertum,
1387 2899 1471 2980 quod
1494 2900 1581 2962 theo-

447 3013 529 3094 topia
549 3011 708 3094 suadetur
729 3012 764 3075 iu
786 3011 1025 3086 Aristotsttsuso,
1048 3021 1105 3077 out
1126 3013 1211 3094 quod
1231 3013 1367 3093 iuhipeat
1386 3014 1583 3096 phitosopho·

447 3146 520 3195 suut
542 3129 758 3196 hostriutsatt
777 3131 830 3194 eui
850 3132 1064 3213 prohahorsem
1094 3150 1135 3196 em
1157 3139 1251 3213 parts
1278 3132 1330 3193 sui
1342 3149 1353 3200 ,·
1379 3130 1433 3192 seh
1459 3137 1583 3195 tautum

445 3267 489 3313 eo
506 3257 598 3330 parte
620 3244 944 3314 uostrihristotetem
966 3250 1111 3329 otieooris
1126 3267 1191 3313 uou
1207 3257 1243 3312 ut
1257 3251 1297 3311 sit
1316 3248 1420 3329 judex
1441 3250 1477 3311 iu
1497 3250 1583 3312 theo·

446 3366 552 3446 opio,
576 3382 676 3448 meque
698 3368 782 3431 testis
804 3375 915 3431 soutro
937 3384 1016 3443 mos,
1043 3369 1096 3431 sest
1123 3368 1208 3430 testis
1231 3376 1340 3430 contro
1362 3368 1490 3447 pensitet
1512 3384 1583 3430 suos
1718 3402 1720 3405 ·

445 3490 477 3546 ot
502 3482 581 3547 otios
603 3483 776 3564 sophistas,
799 3494 829 3548 et
850 3486 979 3568 quaudo
1001 3493 1038 3550 ut
1062 3494 1148 3549 tsstss
1170 3502 1278 3548 eorum
1304 3502 1384 3565 puae
1407 3485 1442 3547 iss
1464 3485 1582 3548 mundo

445 3601 535 3674 sistit,
551 3619 616 3665 mou
630 3610 668 3665 ut
681 3602 839 3684 opimatur,
857 3604 1019 3686 adfertur:
1041 3604 1124 3687 puoh
1141 3603 1311 3687 prohotum
1329 3610 1374 3665 sst
1393 3604 1426 3665 iu
1441 3602 1579 3665 secuusia

445 3718 608 3800 hypothesi
628 3736 670 3783 ea
691 3717 731 3783 D.
751 3718 885 3786 Thomas
907 3723 943 3798 1,
970 3720 1100 3798 Quaest.
1117 3725 1146 3796 1,
1170 3730 1200 3787 et
1224 3724 1241 3787 1
1267 3732 1379 3787 soutro
1401 3719 1529 3801 peutites
1554 3726 1582 3780 st

444 3853 553 3918 opusc.
576 3839 617 3902 X.
640 3834 686 3901 Bt
707 3839 833 3921 quoodo
850 3839 889 3904 D.
911 3839 1047 3908 Thomas
1062 3843 1227 3912 uidebatur
1244 3860 1308 3907 esse
1326 3843 1453 3914 nimius,
1472 3846 1586 3903 rostro

440 3955 612 4036 proprium
630 3967 841 4040 praeseptum,
864 3963 900 4025 iu
920 3962 1084 4045 attepoudo
1103 3958 1276 4036 Aristotele,
1298 3960 1374 4025 dum
1398 3954 1585 4037 theotopiam

444 4073 566 4145 sorihit,
588 4076 881 4155 mpretenos'eurae
905 4083 961 4146 hos
984 4083 1018 4145 iu
1040 4083 1182 4146 articulis
1205 4081 1447 4146 Porisieusihos.
1473 4075 1584 4141 Potest

443 4199 551 4255 tamem
575 4196 724 4257 emissori
746 4214 809 4260 mou
831 4199 941 4281 tuopte,
959 4200 1007 4264 uti
1024 4215 1080 4263 uos
1095 4200 1315 4264 excusavimus
1338 4199 1373 4260 irs
1396 4193 1585 4281 quaestione

439 4307 612 4388 praetiosa
639 4308 719 4375 Item
741 4315 769 4376 si
791 4319 862 4397 quis
891 4317 1076 4380 comdemnat
1109 4313 1293 4389 Gotitasum,
1320 4315 1398 4397 puio
1419 4299 1592 4378 ammuh

444 4413 640 4502 atiusrsetur,
664 4431 882 4498 sosiemuohit
897 4434 987 4513 prius
1004 4431 1231 4515 tuqusttoum,
1250 4431 1462 4506 Ambrosium,
1488 4417 1596 4491 Bati-

446 4544 537 4620 h'um,
561 4543 745 4625 Eusebium,
772 4549 947 4630 Oripesssm
975 4550 1238 4633 chrysostomum,
1261 4548 1436 4626 Iustinum,
1455 4554 1489 4611 et
1509 4537 1597 4606 ali*

444 4658 582 4727 Soustos
587 4662 804 4751 Bootesiaequs
813 4666 1223 4750 msmres,qottsoeootem
1235 4686 1300 4736 uos
1311 4671 1403 4738 mesto
1413 4670 1452 4734 irs
1462 4656 1598 4729 steti&

443 4782 584 4861 physiois
599 4785 653 4848 sei
666 4796 695 4850 st
710 4789 889 4869 inphysicis
904 4786 1099 4870 (taumatibus
1109 4787 1174 4868 {ers
1185 4789 1308 4857 sumatis
1317 4777 1597 4860 massam!-
