4109 5934
808 740 947 789 stimant
970 738 1219 787 ultsslvttt‘tttttlts

602 984 882 1044 bEtttvattorttts
900 984 1157 1042 clientulum
1175 982 1425 1042 utmutotttttt

703 1233 783 1275 ιιιιι
800 1233 959 1274 romensis
975 1232 1191 1274 mucirensem
1207 1222 1241 1289 ω
1255 1221 1286 1273 ot
1300 1212 1337 1283 Θ

540 1436 575 1492 Ut
592 1435 768 1492 manifestius
783 1436 822 1503 id,
841 1437 914 1506 quod
933 1437 1093 1492 notavimus
1110 1436 1147 1491 de
1164 1435 1356 1506 ambiguitate,
1374 1436 1404 1490 in
1418 1450 1474 1508 qua
1487 1434 1592 1493 lisele

449 1536 508 1592 rius
525 1536 668 1606 usquead
686 1539 846 1592 extremm
865 1536 992 1593 vmsatus
1011 1538 1076 1603 cst,
1091 1548 1180 1606 renue
1198 1548 1231 1591 no
1249 1530 1412 1603 Galilaeae,
1430 1534 1507 1591 circa
1523 1548 1591 1591 ern·

449 1640 523 1692 ctam
540 1633 770 1690 constitutionum
788 1637 817 1688 et
834 1631 963 1702 pbasium
979 1631 1136 1688 satellitum
1153 1632 1232 1689 lovis
1252 1630 1529 1701 determinationem,
1542 1648 1592 1704 up

451 1736 567 1804 pareat,
586 1730 754 1802 proterimus
771 1728 819 1787 bic
835 1729 1026 1787 derivationes
1054 1744 1144 1787 novae
1165 1728 1382 1800 computationis
1400 1729 1520 1802 abipso
1537 1730 1593 1786 snb

450 1833 508 1888 fine
527 1848 577 1903 per
596 1830 703 1889 variata
721 1830 862 1887 elementa
878 1828 1044 1897 institutae,
1063 1844 1139 1885 anno
1158 1831 1246 1893 totu,
1260 1828 1347 1886 'circs
1373 1829 1595 1901 conjunctiones

451 1932 558 2003 aliquas
576 1931 619 2003 (eo
637 1946 723 1987 sensu
741 1945 855 2001 semper
872 1928 1082 2001 intelligendas,
1102 1944 1198 2001 quem,
1218 1928 1359 2001 papati,
1372 1928 1588 2001 declaravimus)

453 2031 537 2102 primi
548 2035 577 2088 et
585 2031 702 2087 secundi
715 2030 860 2097 Satellitis,
873 2029 1106 2100 praecedentibus
1119 2030 1204 2086 annis
1214 2031 1385 2089 observatas.
1395 2029 1594 2087 Ocrivationss

452 2132 592 2200 eiusmodi
613 2147 671 2186 non
689 2128 863 2200 respondent
879 2130 1002 2196 exacte,
1020 2127 1076 2184 nisi
1095 2127 1207 2185 fortuito
1226 2128 1332 2197 mmet,
1352 2142 1438 2185 sorae
1458 2126 1591 2201 positioni

454 2232 628 2298 observatae,
647 2244 816 2301 quamquam
834 2226 891 2284 dici
908 2226 998 2298 possit
1016 2242 1075 2296 eas,
1093 2228 1305 2300 utplurimum,
1325 2226 1421 2284 minus
1438 2242 1456 2283 ι
1473 2226 1596 2285 veritate

452 2332 613 2400 discrepare
632 2344 715 2401 quam
735 2328 958 2399 praecedentes,
973 2327 1047 2383 sicut
1064 2343 1103 2385 ex
1118 2342 1216 2384 eurum
1235 2326 1443 2397 comparatione
1461 2324 1596 2383 iocillime

455 2429 647 2500 unusquisque
681 2431 773 2498 potest
802 2427 1037 2485 animadvertere.
1065 2424 1308 2484 Considerandum
1338 2423 1388 2482 bie
1411 2441 1522 2500 quoque
1549 2432 1594 2483 est

457 2545 545 2585 novos
562 2527 706 2595 calculos,
722 2530 817 2597 utpote
844 2525 1019 2597 posteriores·
1032 2528 1068 2583 22
1085 2526 1194 2597 Aprilis
1220 2526 1444 2595 sermulcinus
1466 2524 1597 2583 Renieri'r

458 2627 629 2698 temporibus
647 2626 797 2681 admodum
815 2625 902 2680 tuisse
921 2626 1076 2696 proximos,
1095 2641 1159 2682 cum
1178 2625 1226 2681 ille
1244 2625 1398 2683 novembri
1414 2626 1483 2680 tota
1501 2641 1519 2681 e
1537 2625 1597 2682 rito

458 2725 621 2783 emerserit.

917 2977 1004 3034 rltvuu
1031 2972 1129 3038 1639.

460 3184 535 3237 lunii
620 3184 671 3238 Die
682 3189 726 3251 20,
738 3183 765 3237 ir.
777 3203 802 3255 p.
815 3201 851 3239 m.
862 3202 925 3255 app.
938 3191 963 3238 0.
977 3189 1021 3252 lb,
1035 3202 1096 3257 aeq.
1111 3191 1137 3239 u.
1150 3189 1184 3239 40
1198 3187 1244 3256 (1),
1257 3187 1347 3254 juncti
1365 3189 1431 3241 sunt
1444 3187 1484 3241 ad
1493 3188 1597 3241 orium.

760 3284 985 3355 lbostapberesis
1003 3285 1100 3341 Centri
1118 3288 1143 3339 4.
1163 3288 1208 3353 40,
1227 3284 1311 3341 Orbis
1332 3290 1356 3340 u.
1377 3290 1420 3340 ur.

839 3385 877 3434 Ex
894 3386 995 3436 calculo
1011 3387 1070 3436 dist.
1087 3385 1119 3450 (D
1135 3391 1158 3435 5.
1178 3391 1217 3447 48,
1235 3384 1269 3452 Θ
1285 3392 1309 3436 5.
1327 3391 1366 3437 50.

622 3578 673 3632 Dio
692 3585 735 3645 27,
757 3579 784 3633 ir.
804 3597 829 3648 p.
849 3597 885 3635 m.
906 3587 949 3635 tl.
963 3586 980 3633 'l
995 3596 1066 3652 aeq„
1079 3581 1171 3653 juncti
1190 3581 1306 3636 suntad
1318 3584 1425 3635 ortum.

765 3678 959 3735 Prostcentri
978 3684 1002 3734 4.
1022 3685 1067 3749 00,
1087 3680 1172 3737 Orbis
1188 3684 1214 3735 0.
1234 3684 1276 3735 47.

843 3779 882 3829 Ex
897 3780 999 3831 calculo
1016 3781 1076 3832 dist.
1091 3781 1124 3846 G)
1140 3787 1163 3832 5.
1181 3785 1221 3841 43,
1238 3778 1271 3845 Θ
1288 3786 1309 3830 5.
1328 3787 1367 3829 50.

929 3980 1017 4040 Auro
1043 3976 1138 4041 tutti

465 4185 556 4242 llartii
624 4185 675 4241 llio
694 4190 738 4250 27,
758 4187 785 4241 lr.
806 4205 832 4258 p.
852 4206 889 4244 m.
909 4195 951 4244 10.
970 4195 1014 4257 ta,
1031 4192 1122 4260 juncti
1140 4195 1207 4246 suat
1224 4192 1259 4245 ad
1275 4206 1414 4248 occasum.

767 4289 856 4346 Prost.
874 4290 971 4348 Centri
989 4296 1014 4346 0.
1034 4295 1079 4359 28,
1098 4291 1182 4348 Orbis
1201 4296 1244 4347 10.
1264 4295 1305 4347 40.

711 4388 750 4438 Ex
766 4390 867 4440 calculo
882 4391 940 4441 (list.
956 4391 987 4455 0)
1001 4396 1025 4441 0.
1042 4395 1082 4452 00,
1098 4389 1131 4457 (2)
1146 4396 1169 4441 3.
1187 4394 1226 4441 2⁰.
1242 4390 1361 4441 Perfecto
1377 4392 1506 4455 congruit.

542 4620 575 4675 (tl
591 4617 680 4678 Quoad
698 4630 792 4679 paucas
808 4619 1002 4669 observationes
1018 4618 1125 4671 Genure
1143 4625 1170 4672 et
1185 4618 1335 4670 florentius
1351 4619 1460 4681 habitas,
1472 4625 1500 4669 ct
1510 4618 1552 4668 bic
1567 4618 1603 4668 nd

469 4717 578 4754 eramen
603 4713 752 4761 revocatas.
773 4708 911 4759 lienteriae
939 4710 1031 4774 redigit
1057 4712 1149 4763 buram
1165 4712 1197 4762 ud
1214 4712 1387 4764 meridianum
1411 4710 1541 4771 Pirurum,
1557 4708 1600 4760 ubi

469 4798 572 4845 ceterae
589 4809 680 4849 omnes
695 4799 888 4851 observationes
905 4800 988 4852 lactas
1003 4805 1075 4852 runt.
