4109 5934
693 749 896 797 serenatum
919 750 960 796 nx
984 749 1199 798 nnnrtnnnonn
1223 751 1357 797 esteten
1511 738 1576 803 625

534 884 585 947 15.
610 880 652 944 ln
672 881 783 962 primis
806 879 956 945 adversus
980 878 1197 961 prnasptstt
1220 898 1288 944 meo
1301 881 1427 946 uidetur
1449 901 1512 946 esse
1531 887 1576 948 lo·

443 1020 510 1077 eus,
530 1001 582 1083 [ol.
600 997 730 1064 Galilaei
744 999 833 1073 nat,
856 1000 911 1062 uhi
933 996 1056 1072 Sarsio,
1072 1001 1293 1064 authoritatem
1316 998 1468 1082 Tychanis
1487 1021 1579 1093 super

442 1121 605 1186 altitudine
629 1118 772 1182 Comatae
793 1118 962 1198 allepanti,
985 1117 1148 1198 respondet
1173 1115 1332 1181 Galilaeae
1367 1119 1401 1181 in
1423 1123 1494 1182 eum
1515 1120 1578 1200 lere

443 1239 579 1312 modum,
601 1255 664 1320 quo
686 1246 716 1300 et
742 1234 998 1306 claromontius:
1018 1233 1206 1315 Tpehonem,
1229 1245 1425 1317 caeterosque
1443 1240 1578 1301 norninis

443 1357 580 1437 alicujus
603 1364 819 1426 astronomos,
843 1355 928 1417 inter
949 1371 980 1418 se
1003 1352 1269 1435 differentisrimor
1302 1372 1376 1418 esse.
1412 1353 1455 1417 Et
1478 1359 1580 1420 utitur

444 1475 632 1538 dilemmate:
654 1475 683 1536 si
700 1491 793 1538 verae
809 1473 1037 1537 alternationes
1056 1489 1173 1547 omnes,
1190 1471 1316 1537 Cometa
1330 1476 1383 1556 fiet
1397 1477 1581 1555 apparentia
1614 1493 1619 1502 ·

444 1609 543 1672 napa:
563 1594 589 1654 si
610 1591 720 1673 salsae,
743 1599 852 1654 carent
875 1591 1077 1654 authoritate.
1101 1589 1153 1652 td
1175 1591 1450 1654 determinandum
1471 1610 1581 1655 oerum

447 1710 587 1772 Cametae
610 1708 720 1777 lotum,
743 1728 759 1771 e
783 1707 1044 1790 differentissimis
1068 1706 1349 1784 observationibus,
1373 1709 1440 1772 illas
1467 1726 1488 1773 a
1516 1709 1582 1790 Tp-

447 1828 543 1891 ehone
566 1826 646 1906 elipi,
669 1844 749 1907 quae
773 1825 951 1890 eondueant
974 1825 1041 1905 ejus
1065 1826 1219 1890 instituta.

535 1942 608 2007 Etsi
628 1943 671 2007 ad
692 1944 747 2006 has
770 1943 962 2023 exceptiones
988 1944 1075 2023 ipsas
1110 1939 1187 2006 stitis
1221 1953 1265 2006 est
1298 1945 1339 2007 nh
1361 1943 1581 2027 prerarpiste

448 2079 652 2142 responsum,
674 2062 811 2143 postulat
835 2069 939 2123 tamen
962 2057 1139 2125 authoritas
1165 2057 1314 2134 Galilnei,
1349 2071 1384 2126 ut
1418 2063 1580 2127 tertoribus

447 2180 541 2242 etiam
563 2179 683 2262 aliquid
704 2179 841 2242 dicatur.
865 2176 1024 2242 Nimirum
1049 2175 1203 2243 Galilaeae
1227 2183 1276 2244 hie
1295 2181 1429 2259 defendit
1448 2180 1581 2246 libellum

446 2315 510 2362 non
533 2316 649 2370 suum,
672 2296 724 2359 sed
747 2293 937 2367 Guiduaaiir
960 2298 1016 2379 qui
1039 2299 1096 2361 etsi
1117 2298 1218 2363 multa
1250 2317 1271 2362 a
1296 2296 1433 2364 Galilaea
1467 2301 1577 2373 hahet,

446 2415 499 2478 illa
522 2424 626 2478 tamen
650 2423 758 2494 suopte
774 2414 896 2494 iudicio
916 2417 1076 2496 preposuit
1100 2425 1127 2479 et
1153 2418 1310 2480 tractavit.
1332 2417 1407 2481 Jam
1423 2414 1579 2482 Galilaeae

445 2507 538 2596 illius¹
553 2531 710 2612 defensor,
733 2532 811 2614 quid
831 2533 930 2614 {neiat
952 2531 1054 2610 aliud,
1077 2551 1173 2617 quam
1195 2543 1230 2597 ut
1257 2531 1423 2600 Guidueeii
1445 2537 1580 2617 oestipiis

448 2653 583 2723 insistat,
606 2660 641 2713 ut
664 2668 700 2713 ea
723 2651 815 2735 dieat,
840 2669 921 2733 quoe
939 2647 1147 2716 Guidueeinm
1163 2652 1321 2716 dicturum
1337 2662 1581 2719 consentaneum

448 2778 525 2832 erat.
550 2767 638 2833 Certe
659 2769 742 2851 quod
765 2767 939 2835 Galilaeum
962 2772 1065 2852 ipsum
1087 2773 1222 2848 attinet,
1239 2774 1265 2835 is
1280 2772 1580 2836 demonstrationum

448 2889 705 2967 peometriearum
727 2896 756 2950 et
779 2905 898 2966 pnarus
925 2895 970 2950 est
999 2896 1027 2950 et
1060 2887 1188 2967 fautor,
1224 2891 1251 2953 si
1284 2891 1454 2972 qumquam
1476 2891 1581 2961 alius:

448 3008 532 3070 nooit
555 3005 635 3067 idem
659 3004 734 3087 quid
756 3004 869 3067 distent
891 3022 967 3068 aero
997 3007 1136 3093 lupinis,
1167 3008 1303 3088 quidque
1338 3009 1462 3071 intersit
1498 3010 1582 3072 inter

452 3121 604 3203 Tpeleanis
627 3123 662 3183 in
684 3122 875 3185 ahseroando
897 3123 1088 3201 dilipentinm
1107 3125 1324 3194 incredibilem,
1349 3125 1490 3207 interque
1508 3144 1580 3190 eae·

450 3251 587 3305 terarum
607 3241 825 3322 plerorumque
849 3242 1052 3321 supinitatem
1072 3242 1274 3323 popularem,
1299 3249 1333 3306 in
1355 3245 1410 3308 hor
1433 3227 1581 3309 en'eroitio

448 3360 588 3421 omnium
609 3356 794 3439 difficillima.
817 3355 890 3422 Nau
912 3366 956 3421 est
971 3359 1073 3437 ipitur
1090 3359 1241 3432 eredihile,
1259 3362 1360 3439 ipsum
1375 3363 1419 3426 sie
1435 3363 1580 3441 salsitatis

449 3493 582 3557 orauere
604 3478 743 3540 amnium
767 3477 895 3540 omnino
916 3477 1209 3541 mathematicorum
1230 3479 1468 3553 ohservationes,
1489 3490 1525 3544 ut
1546 3481 1595 3544 in·

451 3594 497 3656 his
516 3595 611 3657 etiam
624 3595 723 3674 ipsius
744 3591 772 3654 Τ
769 3594 896 3674 pehonis
909 3594 1221 3674 comprehendantur.
1249 3591 1381 3669 Quodsi
1399 3614 1461 3659 non
1476 3616 1581 3662 omnes

451 3710 542 3790 salsi,
565 3712 635 3792 puis
662 3709 806 3791 Tpehone
827 3711 930 3792 patior
953 3711 1108 3775 hahentur
1131 3731 1151 3774 a
1175 3708 1323 3787 Galilaea,
1348 3731 1412 3776 non
1442 3716 1582 3796 equidem

435 3829 546 3902 niden.
570 3827 634 3893 Nee
655 3831 711 3891 hoe
733 3828 821 3904 diret,
844 3830 872 3891 si
895 3829 1102 3910 complurium
1125 3831 1351 3894 alternationes
1374 3832 1436 3893 sint
1459 3830 1582 3911 salsae:

450 3957 612 4028 propterea
632 3949 794 4024 omnium,
817 3948 912 4011 etsie
935 3949 1029 4011 etiam
1055 3946 1233 4030 Tpehouis,
1261 3950 1484 4013 authoritatem
1517 3966 1581 4013 esre

451 4065 580 4129 nullam.
604 4064 641 4130 Si
660 4085 828 4148 personam
850 4067 969 4129 nudam
991 4066 1182 4146 respicimus,
1212 4065 1316 4147 Ypeho
1339 4085 1454 4130 nnuse
1477 4067 1583 4132 multis

452 4194 508 4257 est,
528 4203 622 4267 eoque
645 4187 769 4250 nomine
792 4184 914 4249 hahehit
936 4185 1004 4265 epus
1026 4186 1204 4250 authoritas
1227 4186 1347 4267 aliquid
1365 4185 1441 4249 mali
1456 4194 1583 4267 prepter

453 4303 591 4366 eternum
612 4304 748 4376 malum:
769 4305 819 4367 sin
841 4313 947 4366 nutem
968 4303 1145 4365 authoritas
1169 4305 1308 4366 moribus
1331 4314 1360 4366 et
1375 4305 1584 4367 circumstan-

453 4419 504 4482 tiis
529 4422 623 4484 totius
646 4421 785 4484 exercitii
807 4429 834 4482 et
856 4418 1065 4482 diuturnitate
1078 4418 1237 4491 coalescit:
1252 4420 1321 4501 quis
1339 4420 1415 4483 adeo
1431 4419 1583 4500 confidens

454 4544 517 4606 est,
541 4539 598 4618 qui
621 4537 669 4600 hie
691 4537 984 4599 mathematieorom
1018 4516 1207 4617 quemquam
1241 4551 1314 4597 eum
1346 4532 1491 4617 Ypehone
1514 4534 1585 4598 oelit

456 4654 662 4717 eanmudere?
685 4650 790 4735 Neque
811 4651 1055 4733 [undamentum
1077 4650 1127 4714 ille
1151 4651 1302 4730 dopmatis
1325 4652 1375 4714 sui
1389 4650 1425 4716 de
1441 4652 1504 4716 loeo
1525 4650 1585 4718 Go-

455 4779 613 4836 metarum
634 4772 753 4836 coelesti
775 4771 910 4851 reposuit
933 4771 967 4831 in
989 4768 1254 4833 obseruationibus
1279 4769 1434 4843 aliorum,
1467 4771 1520 4835 sed
1552 4773 1586 4834 in

541 4883 666 4941 Gentem
684 4884 802 4941 Gentes!
819 4915 843 4926 -
860 4883 892 4938 T.
911 4883 944 4936 V.
1433 4891 1469 4940 *19
