4109 5934
687 779 883 827 suessanum
908 779 949 825 ss
973 779 1187 825 rnormnrona
1211 780 1343 826 cunstat
1509 765 1574 828 ott

445 930 498 977 ras
516 913 584 976 illas
603 896 823 991 imayinarias,
845 925 973 983 nonam
996 907 1156 980 desimam,
1173 917 1211 977 et,
1234 909 1261 969 si
1283 925 1387 971 omnes
1402 925 1574 990 persequa-

442 1046 517 1092 mur
538 1028 678 1108 ineptias,
703 1024 915 1097 undecimum·
937 1041 989 1087 eas
1009 1022 1125 1105 Tyobo,
1144 1025 1282 1104 exemplo
1301 1023 1472 1103 Coperniei,
1493 1027 1574 1107 ipsas

444 1149 568 1231 quidem
590 1145 739 1227 relinquit
764 1144 955 1216 Ptolemaeos
976 1142 1100 1225 effectui
1123 1162 1196 1206 aero
1218 1142 1356 1218 illarum,
1378 1145 1436 1224 pai
1457 1145 1498 1206 sil
1520 1145 1576 1209 ob-

443 1264 672 1329 seruationibus
695 1270 935 1336 consentaneus,
961 1258 1070 1342 Tyrbo
1092 1262 1189 1324 lorum
1214 1261 1247 1322 in
1262 1271 1426 1342 systemate
1436 1261 1506 1341 jam
1523 1263 1577 1326 sle-

443 1380 557 1460 seripta
577 1379 621 1442 sie
644 1396 675 1441 se
698 1387 899 1459 reperturum
921 1378 1074 1456 speravit,
1096 1378 1178 1439 sieut
1202 1376 1359 1458 baroloyio
1382 1378 1466 1442 loeus
1490 1381 1579 1443 inee-

445 1500 510 1560 m'ri
530 1506 628 1579 potest
650 1498 685 1560 in
708 1498 797 1561 slomo
819 1497 878 1560 sub
902 1504 1017 1559 testum
1040 1496 1168 1567 educta:
1191 1504 1307 1559 utnon
1324 1499 1430 1560 minus
1446 1507 1580 1578 systema

448 1616 601 1699 Tyebonis
623 1617 781 1697 inteyrum
806 1616 912 1678 baberi
935 1615 1062 1688 debeat,
1087 1615 1245 1697 deficiente
1279 1618 1410 1696 spbaera
1432 1635 1517 1680 nona
1549 1629 1576 1680 et

444 1735 572 1808 melma,
587 1751 684 1814 ynam
702 1732 822 1806 domus,
838 1732 994 1815 deficiente
1010 1729 1179 1810 baroloyio.

533 1846 575 1910 ts
598 1847 714 1911 disserit
739 1844 898 1911 Galilaeus
921 1849 976 1911 boc
999 1865 1021 1910 a
1048 1845 1192 1928 Tynboue
1209 1848 1350 1911 nonslum
1365 1867 1428 1912 esse
1440 1853 1578 1930 praesti-

446 1976 523 2042 tum,
546 1974 639 2049 atque
661 1965 795 2046 idipsam
818 1980 902 2039 esse,
926 1964 1009 2046 quael
1031 1965 1132 2027 uerbis
1167 1982 1267 2046 supro
1298 1967 1423 2046 seriptis
1446 1970 1509 2048 ipse
1539 1969 1578 2032 sit
1612 2036 1618 2044 ,

444 2093 603 2146 causatus.
630 2079 722 2158 (laad
744 2083 772 2145 si
788 2091 966 2163 praestetur
983 2071 1171 2155 etiamnum,
1191 2093 1265 2148 tune
1280 2100 1346 2146 rem
1362 2094 1418 2148 aut
1432 2086 1474 2148 ael
1491 2087 1578 2149 orbes

444 2201 509 2265 illos
534 2200 799 2265 Prolemaieosum
823 2203 1116 2280 supernumerarius
1141 2201 1296 2275 recidere,
1318 2210 1375 2266 aut
1403 2204 1445 2267 od
1476 2212 1578 2268 motas

446 2320 567 2402 aliquos
593 2329 695 2385 terrae
716 2320 888 2383 seeundum
912 2319 1129 2399 Capernirnm.
1155 2319 1325 2394 Fortassis,
1349 2324 1482 2404 iuquam
1514 2341 1578 2402 syo.

446 2437 489 2502 ts
511 2437 588 2521 quid
609 2438 637 2500 si
659 2439 785 2501 nonsit
808 2455 884 2518 opus
918 2438 1203 2517 repraesentatione
1237 2438 1364 2501 illorum
1385 2439 1579 2521 effectuum?

448 2554 534 2633 Ouia
555 2556 583 2618 si
604 2555 856 2619 obseruationum
879 2555 990 2618 toltum
1006 2555 1141 2635 jactatio
1159 2573 1243 2619 vano
1266 2557 1327 2636 suit
1342 2557 1429 2637 apua
1443 2559 1579 2621 ueteres?

450 2672 538 2751 Quia
558 2675 587 2737 si
609 2691 673 2738 non
696 2691 845 2736 maneum
865 2681 1000 2754 systema
1022 2690 1122 2753 supra
1137 2672 1325 2754 descriptum
1345 2672 1510 2755 Tyobonis,
1528 2674 1581 2738 sed

446 2793 640 2875 supertluum
664 2791 827 2873 Copernioi
847 2799 877 2854 et
900 2790 1182 2864 Ptolemaeorum,
1216 2793 1300 2874 quael
1333 2794 1389 2855 bos
1424 2793 1578 2856 minutias

447 2905 578 2971 attinet?
593 2903 772 2986 Seponatar
786 2906 861 2969 boee
876 2923 954 2987 pars
971 2907 1192 2976 astronomiae,
1210 2907 1245 2969 in
1262 2926 1327 2990 yua
1341 2908 1481 2989 supplere
1497 2909 1581 2989 quosl

448 3017 604 3085 Galilaeus
627 3021 788 3091 desiderat,
813 3030 858 3084 est
881 3020 1095 3086 demonstrare
1110 3023 1142 3086 ta
1161 3041 1224 3086 esse
1238 3025 1442 3105 superfluum.
1463 3015 1599 3099 Ouan-'

447 3143 540 3221 tisper
561 3158 625 3206 non
646 3140 769 3222 eapealit
790 3157 913 3203 omnem
937 3142 972 3202 sle
996 3143 1043 3204 bis
1066 3143 1166 3204 animi
1186 3161 1315 3206 sensam
1342 3141 1446 3225 Tyebo
1461 3143 1579 3207 aliasve

447 3259 560 3341 aliquis
582 3267 835 3324 astronomorum
870 3259 1020 3335 islonens,
1054 3261 1207 3340 tantisper
1233 3263 1347 3326 caeteri
1373 3280 1483 3325 rerum
1505 3281 1526 3325 a
1548 3280 1580 3325 se

450 3378 525 3458 ipsis
547 3377 792 3440 constituturum
813 3376 927 3439 inserti
950 3385 1035 3439 sunt.

534 3496 566 3558 t.
593 3493 805 3559 Transeamus
822 3494 864 3558 aa
877 3495 972 3558 aliam
995 3496 1237 3577 comparationis
1258 3497 1458 3577 particulam.
1482 3494 1602 3563 Sum?

447 3629 533 3675 mum
554 3615 695 3693 aynoseit
719 3609 878 3677 Galilaeae
901 3614 1074 3696 artificium
1096 3614 1131 3676 in
1156 3612 1333 3677 Ptolemaeo
1351 3623 1379 3677 el
1397 3614 1580 3697 Capernieo.

448 3727 486 3792 Si
506 3730 601 3794 instes
624 3738 734 3795 atrum
756 3730 886 3813 aequale
910 3732 945 3793 in
969 3740 1125 3813 utroque,
1150 3732 1286 3811 neyubit,
1308 3733 1441 3812 potiores
1466 3733 1581 3813 Caper·

450 3849 519 3913 niso
539 3849 661 3931 deseret.
684 3848 757 3915 Non
772 3851 871 3930 iyitur
888 3868 1048 3915 summum
1063 3852 1098 3914 in
1117 3849 1302 3915 Ptolemaeo.
1320 3850 1399 3914 lam
1421 3869 1493 3915 uero
1516 3848 1584 3932 Ty·

450 3966 570 4029 abortiri
590 3968 766 4048 systemalis
800 3968 939 4031 membra
972 3966 1097 4032 eolleeta
1125 3977 1202 4031 sunt
1234 3987 1276 4032 eo
1309 3967 1492 4032 Ptolemaiei
1518 3985 1583 4030 non

451 4099 590 4160 summe,
612 4092 641 4147 et
663 4103 703 4148 ea
726 4083 934 4166 Capernieoni
961 4100 1080 4147 summe
1107 4085 1308 4168 artificiosis:
1332 4103 1387 4148 nee
1412 4084 1584 4149 Ptolemai-

451 4176 712 4266 rumeaersotur
735 4204 784 4266 bie
810 4198 984 4275 Galilaeus,
1006 4203 1045 4267 ob
1062 4211 1168 4283 partes
1190 4203 1369 4268 secundas:
1390 4203 1497 4267 minus
1520 4204 1584 4284 iyi-

452 4325 508 4382 tur
522 4321 720 4384 aversabitur
742 4318 965 4401 Tyebonirum,
988 4328 1025 4383 ut
1047 4319 1131 4400 quael
1152 4319 1330 4400 plusculum
1348 4321 1446 4384 trabit
1462 4320 1498 4383 sle
1511 4337 1584 4401 per-

452 4436 581 4514 [estune
605 4412 826 4518 Capernioans'.

520 4554 550 4619 b.
574 4555 617 4619 At
645 4554 749 4637 Tyebo
769 4572 864 4620 suam
886 4565 1022 4638 systema
1055 4555 1097 4618 ad
1131 4558 1223 4638 finem
1254 4556 1394 4620 nondum
1415 4555 1587 4636 perduxit:

454 4671 550 4750 itlest,
572 4683 609 4737 ut
631 4692 686 4754 eyo
709 4673 865 4754 iutelliyo,
892 4690 1039 4737 numeros
1064 4684 1092 4736 et
1116 4672 1271 4736 eubulum
1293 4673 1421 4736 orbibus
1444 4671 1586 4736 nondum

453 4791 628 4872 applicarit.
652 4789 738 4857 Ntbil
760 4792 815 4855 boe
830 4791 871 4853 aa
886 4808 962 4865 rem,
979 4808 1038 4856 eur
1052 4791 1160 4854 minus
1180 4789 1365 4872 acceptabile
1389 4792 1429 4853 sit
1452 4798 1588 4871 systema

543 4902 669 4960 Gustum
688 4904 815 4962 Gutum.
834 4936 858 4947 -
877 4904 909 4959 T.
931 4905 965 4958 V.
1436 4911 1471 4959 '18
