4109 5934
779 752 929 800 neosoate
952 754 1011 799 eno
1034 754 1176 800 septeno
1488 748 1552 812 sts

508 881 627 956 Primo,
635 882 720 964 quoa
728 882 801 947 elisit
816 883 1062 964 chrysostomus,
1074 889 1389 968 praeterquamquod
1400 892 1505 955 multis
1518 897 1550 957 iii

420 1003 563 1085 partam
578 1000 776 1073 edomentur,
792 1019 856 1066 non
867 1001 990 1065 emetur
1004 1004 1181 1078 verisimile,
1197 1005 1280 1085 quoii
1291 1005 1415 1087 Moyses
1426 1008 1501 1089 (neit
1514 1013 1550 1074 in

420 1120 558 1185 seeundo
568 1119 627 1192 ilie,
641 1119 673 1183 ta
687 1136 749 1184 esso
760 1119 1046 1202 recapitulationem
1057 1138 1175 1197 eorum,
1185 1140 1266 1203 yuae
1278 1125 1438 1189 antelios:
1448 1147 1552 1192 amnes

421 1243 505 1306 enim
513 1249 618 1322 patres
630 1241 666 1302 in
677 1241 724 1303 tm
736 1240 841 1303 diebus
853 1251 1003 1303 ornatum
1013 1250 1146 1322 ponunt,
1160 1241 1324 1305 antediem
1336 1260 1408 1307 nero
1419 1248 1554 1310 ereatio·

422 1379 504 1436 nem,
517 1369 552 1424 ut
564 1358 701 1439 Auyust.
716 1367 746 1421 et
769 1355 876 1422 Tnom.
894 1358 1002 1422 elocent
1020 1366 1049 1421 et
1067 1356 1229 1439 Mayister.
1245 1358 1416 1442 Responsio
1431 1361 1553 1437 Basilii,

423 1477 506 1560 yuod
528 1485 602 1540 ante
624 1476 686 1539 aies
703 1475 743 1538 sit
757 1484 897 1539 arentum
915 1490 1097 1555 empyreum
1112 1475 1273 1544 immobile.
1293 1478 1432 1541 seeundo
1446 1478 1493 1541 ilie
1510 1481 1554 1542 si·
1668 1465 1670 1469 ’

424 1595 571 1670 aereum,
596 1612 659 1658 non
678 1593 778 1674 plaoet
794 1593 961 1663 omnibns:
984 1610 1059 1656 nam
1081 1595 1210 1673 ponitur
1230 1592 1309 1657 illud
1330 1597 1446 1677 alesque
1465 1594 1554 1659 Seri·

419 1721 535 1795 pturae
568 1713 758 1785 testimonio,
781 1709 823 1774 aa
845 1710 996 1773 tuentium
1013 1711 1197 1790 positionem
1220 1722 1354 1775 tanturn.
1386 1712 1465 1778 item
1483 1717 1553 1780 Au·

425 1833 579 1910 yurtinus,
603 1832 638 1892 in
661 1830 691 1893 X
713 1829 750 1892 tie
774 1825 905 1892 Ctottote
931 1826 1011 1903 Dei,
1025 1831 1115 1910 ponit
1138 1829 1254 1893 eoelum
1276 1850 1454 1913 empyreum
1478 1835 1555 1899 idem

425 1966 497 2012 eum
517 1948 654 2023 sidereo,
676 1965 718 2010 ea
751 1947 842 2010 dietis
877 1944 1071 2029 Porphyrii,
1094 1958 1121 2010 et
1144 1947 1206 2011 diei
1227 1951 1274 2012 aii
1297 1968 1498 2031 empyreum,
1524 1952 1556 2014 iii

424 2075 477 2136 est,
497 2066 645 2145 iyneum:
668 2063 783 2128 Sidera
804 2072 910 2128 autem
933 2083 974 2128 ee
996 2067 1067 2144 iyne
1086 2074 1172 2129 sunt.
1196 2064 1240 2128 lit
1260 2065 1337 2148 Sap.
1355 2070 1457 2133 XVlll
1475 2070 1553 2133 dioi-

424 2192 478 2247 tur
498 2183 669 2248 stellarum
691 2183 846 2264 limpidae
870 2183 1034 2247 flammae.
1062 2181 1141 2246 Item
1170 2185 1287 2247 (licitur
1313 2187 1491 2250 aethereum
1514 2187 1554 2252 alt

424 2301 670 2384 inflammatione
691 2301 860 2365 seeundum
879 2300 1105 2382 Auynstinum,
1130 2320 1193 2363 non
1215 2321 1237 2364 a
1258 2303 1416 2366 eeloeitate
1439 2315 1552 2379 motus,
1675 2333 1679 2340 ·

427 2428 463 2484 ut
486 2418 667 2484 Aristoteles
687 2420 829 2501 putabat.
853 2419 1019 2485 Praelerea
1042 2438 1222 2502 empyreum
1244 2433 1289 2511 est
1313 2423 1454 2502 lyncum:
1472 2424 1554 2501 iynir

426 2546 531 2601 autern
553 2545 598 2600 en
620 2539 736 2600 moneri
757 2553 894 2618 semper,
918 2546 954 2599 ut
977 2538 1011 2599 in
1035 2537 1269 2619 quaestionibus
1290 2538 1425 2620 pnysieis
1437 2540 1554 2620 prola-

427 2656 544 2726 m'mus,
568 2652 651 2715 unde
667 2654 813 2734 privatus
835 2660 937 2717 motus
964 2653 1166 2732 emtinyuitur
1178 2653 1351 2716 seeundum
1369 2652 1553 2729 Aoerroem,

428 2780 459 2833 st
485 2779 647 2852 propterea
667 2768 771 2852 fertur
792 2770 909 2834 eoelum
938 2772 972 2832 in
1003 2787 1137 2858 pyrum,
1162 2771 1238 2854 quia
1260 2774 1387 2852 iyneum
1410 2781 1477 2848 est,
1499 2791 1554 2837 nee

425 2897 525 2970 potest
547 2899 676 2974 torpere,
698 2900 734 2952 ut
757 2889 900 2953 Plotinus
929 2907 988 2952 see.
1007 2891 1142 2954 enneade
1165 2890 1254 2964 llicit,
1269 2899 1297 2953 et
1315 2889 1509 2966 Zenoerates,
1526 2902 1554 2955 et

429 3001 624 3084 Porpiirius,
647 3003 860 3084 respondentes
880 3002 1050 3078 Aristoteli,
1073 3007 1129 3083 qui
1141 3006 1274 3086 putauit,
1292 3006 1325 3069 in
1342 3022 1403 3067 sua
1416 3007 1549 3085 sphaera

430 3119 617 3185 naturaliter
638 3122 817 3203 quieuere,-
838 3120 891 3184 sea
911 3129 1022 3184 eontra
1046 3129 1195 3184 naturam
1212 3136 1233 3183 a
1255 3120 1337 3183 eaelo
1370 3121 1487 3183 moneri
1520 3121 1554 3182 in

427 3257 550 3321 pyrum.
569 3238 676 3320 lyitur
698 3257 762 3303 non
783 3249 863 3303 reete
883 3240 1013 3320 ponitur
1033 3257 1235 3328 empyreum,
1257 3239 1290 3301 iti
1312 3248 1379 3312 est,
1399 3240 1552 3318 meeum,

430 3356 516 3421 aliud
537 3375 559 3421 a
578 3358 695 3425 sidereo
725 3358 827 3431 eoeto,
853 3358 936 3440 quod
956 3374 1033 3437 prae
1055 3357 1198 3419 omnibus
1221 3358 1323 3421 ealore
1345 3368 1373 3420 et
1396 3358 1461 3422 lure
1483 3375 1554 3421 ma·

429 3477 543 3557 nisesta
559 3479 651 3558 niyet.
686 3476 733 3540 De
763 3477 815 3541 illo
845 3494 940 3557 supra
962 3477 1115 3539 sidereum
1135 3477 1238 3556 posito
1261 3479 1414 3540 neseimus
1437 3496 1480 3543 an
1505 3479 1555 3540 iu·
1643 3480 1645 3483 ’

430 3602 517 3667 eeat,
547 3595 661 3659 netlum
680 3613 723 3660 an
749 3595 928 3676 calefaciat:
955 3612 1027 3657 eum
1056 3594 1099 3657 aii
1128 3613 1183 3657 nos
1214 3611 1278 3656 non
1310 3604 1451 3658 transeat
1473 3596 1554 3668 lue,

430 3721 459 3774 et
480 3713 521 3776 sit
541 3713 809 3795 immayinarium.
830 3711 1004 3795 Propterea
1034 3731 1091 3776 nee
1120 3711 1261 3775 Basilius
1281 3711 1407 3793 confidit
1428 3715 1557 3792 positio·

431 3847 503 3894 nem
529 3831 610 3895 lane
638 3832 719 3896 lueri
749 3849 855 3913 posse:
888 3831 1001 3895 isleiroo
1036 3849 1093 3912 per
1115 3833 1347 3914 firmamentum
1371 3827 1479 3893 deinde
1502 3850 1556 3893 oe·

431 3965 497 4011 rem
514 3957 750 4014 eanmentatur.
774 3947 838 4013 Sea
861 3951 916 4014 lios
937 3949 980 4014 aa
999 3949 1186 4031 sumendum
1207 3954 1395 4030 aryumento
1411 3946 1557 4028 pulcrum

357 4053 359 4055 ’
430 4075 488 4128 est:
509 4082 575 4132 non
595 4075 698 4132 tarmen
720 4069 795 4132 satis
811 4067 853 4132 all
875 4076 997 4132 tratum
1016 4065 1145 4149 Moysis.
1167 4064 1240 4129 Non
1259 4068 1342 4131 enim
1359 4082 1462 4147 aynae
1483 4072 1559 4127 sunt

429 4200 525 4265 super
544 4200 614 4250 aere
636 4186 773 4251 nntium
796 4187 887 4261 uliae,
904 4188 965 4250 nisi
987 4203 1126 4266 sapores,
1149 4187 1205 4268 qui
1226 4186 1262 4248 ete
1286 4193 1369 4248 terra
1387 4184 1558 4247 elevantur.

437 4299 539 4383 Vapor
559 4310 665 4367 autern
687 4322 750 4368 non
769 4315 814 4368 est
828 4321 926 4386 aqua,
944 4305 1010 4368 lieet
1034 4304 1070 4367 le
1092 4305 1157 4384 ipso
1181 4304 1326 4383 yenerari
1347 4303 1444 4382 possit
1463 4317 1560 4381 ayua

432 4415 476 4481 At
496 4419 591 4484 etiem
612 4420 650 4484 tle
670 4438 741 4484 aere
763 4428 946 4500 poneretur,
963 4418 1135 4483 seeundum
1154 4416 1193 4480 D.
1214 4415 1365 4482 Tnmnam
1386 4424 1414 4479 et
1437 4414 1561 4477 Aristo·

434 4535 537 4611 mam,-
557 4538 614 4621 oui
635 4541 729 4603 etiarn
751 4539 853 4620 fontes
875 4537 909 4599 in
931 4541 1073 4601 amoenis
1096 4546 1198 4600 terrae
1219 4555 1260 4600 em
1282 4553 1353 4600 aere
1374 4542 1513 4615 yenerat,
1533 4540 1562 4595 et

428 4662 602 4737 perpererat.
624 4655 713 4738 Bryo
731 4674 795 4720 non
815 4673 884 4720 sere
905 4672 1007 4737 aynae
1029 4672 1124 4737 super
1144 4657 1340 4738 imitamento
1361 4654 1448 4735 ponit
1470 4649 1562 4734 Moy·

432 4788 493 4848 m,
517 4775 572 4839 reti
594 4779 768 4852 materiam,
783 4776 819 4840 tle
838 4792 902 4859 qua
920 4792 985 4839 non
1002 4775 1102 4854 mayir
1125 4791 1220 4856 aqua,
1244 4791 1338 4857 yuam
1355 4790 1411 4839 aer
1428 4783 1457 4837 et
1472 4772 1563 4854 iynis,
1611 4802 1625 4821 ·

524 4886 649 4945 Gsessno
669 4889 786 4947 Geumi
804 4921 827 4932 -
846 4889 878 4944 T.
896 4889 930 4943 V.
1411 4891 1446 4941 stt
