4109 5934
876 825 1200 910 tPPENfflx

991 1014 1069 1037 ·*-

530 1220 595 1285 Hoc
615 1224 684 1284 loco
704 1222 763 1283 mei
786 1226 832 1285 est
852 1222 1055 1303 professorem
1071 1223 1253 1286 Vilielmum
1270 1221 1413 1288 Librium
1429 1225 1472 1287 ad
1486 1243 1624 1288 examen

448 1341 557 1386 vocare
570 1324 652 1386 circa
668 1323 745 1386 duas
758 1323 922 1386 sententias
935 1322 1098 1402 cuiusdam
1112 1321 1150 1384 de
1160 1323 1219 1385 hac
1229 1323 1359 1386 materia
1371 1322 1512 1399 articuli,
1524 1341 1621 1403 quen

447 1424 561 1505 ipsein
583 1425 686 1487 lucem
707 1424 801 1486 edidit
822 1424 854 1489 in
874 1423 981 1486 Dianio
1001 1422 1193 1503 sapientium
1213 1423 1366 1506 (Journal
1383 1423 1434 1485 des
1455 1421 1621 1503 Suoontst'

447 1525 519 1589 iaec.
540 1525 625 1588 Jnnii
654 1521 737 1586 wid.
1198 1567 1201 1576 .

507 1622 550 1682 id
571 1645 588 1680 s
609 1620 737 1702 D’oprds
757 1620 807 1681 des
834 1619 1085 1700 reoses‘quements
1116 1618 1169 1698 qus‘
1192 1636 1269 1681 nous
1295 1627 1364 1681 rost
1393 1619 1503 1681 arrivs
1522 1619 1621 1682 d'lto·

450 1745 464 1779 n
489 1721 546 1797 lie,
566 1721 591 1783 tt
607 1721 715 1802 paruit
736 1739 793 1801 que
813 1738 860 1780 ces
880 1720 971 1780 ecrits
1003 1719 1037 1780 de
1056 1718 1186 1791 cattus,
1207 1719 1279 1780 dont
1309 1736 1349 1779 oo
1368 1736 1388 1778 ο
1406 1719 1468 1799 soit
1491 1728 1565 1780 tout
1586 1720 1620 1781 de

449 1846 464 1881 n
488 1822 593 1894 cruit,
613 1839 650 1880 ne
670 1826 739 1880 sont
749 1837 806 1899 que
820 1819 870 1879 des
891 1818 1058 1898 fragments
1078 1818 1169 1880 d'une
1189 1819 1296 1898 espdce
1316 1817 1354 1880 de
1369 1817 1501 1898 Journal
1515 1837 1559 1880 ou
1572 1826 1621 1881 cct

450 1944 466 1978 n
487 1921 610 1982 illustre
623 1923 730 1979 sanant
744 1917 871 1978 ecrivait
888 1931 990 1976 ronan
1011 1931 1110 1978 soarn
1130 1933 1171 1978 nn
1190 1932 1314 1979 cnosns.
1331 1919 1359 1979 A
1378 1919 1445 1980 eote
1465 1918 1507 1982 de
1524 1935 1620 1991 onna-

448 2044 465 2080 «
487 2035 566 2091 onns
586 2018 796 2084 observatione
826 2021 1088 2100 astronomiques‚
1108 2038 1149 2083 on
1176 2040 1196 2101 y
1216 2027 1400 2095 rencontre‚
1419 2023 1438 2083 i
1459 2039 1499 2084 ce
1520 2024 1618 2103 qn’on

448 2137 608 2194 «assare,
629 2120 682 2182 des
702 2124 839 2200 comptos
860 2121 898 2182 de
930 2122 960 2182 ia
991 2122 1157 2184 cnisinidre
1188 2128 1219 2184 et
1242 2122 1283 2183 du
1307 2122 1453 2184 bouchet.
1479 2120 1617 2185 Peucon

450 2244 466 2279 n
482 2239 593 2303 penses
622 2240 679 2304 que
710 2240 741 2282 ee
761 2220 821 2282 soit
848 2221 880 2282 td
910 2227 977 2283 tout
1004 2239 1036 2282 ee
1056 2239 1114 2302 que
1142 2220 1258 2282 Godilee
1279 2221 1363 2282 uouit
1383 2220 1459 2282 ecrit
1483 2239 1546 2283 sur
1575 2242 1618 2284 ηη

446 2346 462 2382 s
482 2323 562 2404 sujet
588 2322 642 2404 qui
665 2323 799 2402 l'oceupu
827 2321 997 2402 plusieures
1022 2323 1132 2382 euodes
1163 2321 1197 2382 de
1227 2339 1264 2383 so
1283 2321 1356 2383 oie?
1381 2329 1411 2382 et
1430 2338 1468 2382 ste
1496 2320 1616 2383 ἀοὶε-οη

447 2447 463 2481 n
483 2442 538 2503 pas
554 2422 657 2503 plutdt
678 2421 775 2482 croire
796 2439 853 2501 que
873 2438 950 2481 nous
970 2419 1095 2481 n’aoosu
1116 2438 1173 2500 que
1192 2420 1334 2501 quelques
1348 2426 1430 2481 notes
1445 2419 1612 2494 detectas,

445 2545 460 2580 n
482 2522 623 2602 quelques
644 2519 797 2592 ebaucdss,
817 2527 847 2580 et
867 2518 941 2598 qu’it
963 2539 1039 2581 ssous
1055 2539 1184 2601 masque
1206 2520 1343 2601 toujours
1357 2520 1399 2581 tes
1415 2519 1612 2602 principuus

447 2646 462 2682 n
486 2632 623 2684 travano
643 2622 678 2683 de
700 2621 815 2684 Gotilee
834 2640 891 2683 sur
911 2621 952 2683 les
972 2621 1127 2685 Satellites
1147 2623 1181 2684 de
1203 2622 1353 2703 Jupiter?

505 2722 549 2782 2⁰
571 2745 587 2780 ο
609 2715 640 2783 11
655 2721 762 2803 parcit
782 2721 947 2802 cepeudout
978 2720 1069 2802 qu’ou
1090 2732 1195 2783 trouve
1216 2722 1292 2784 duos
1319 2741 1366 2783 ees
1386 2730 1469 2785 uotes
1489 2742 1537 2785 un
1557 2724 1614 2805 soit

446 2846 462 2880 n
483 2826 696 2883 estrtmement
715 2819 941 2901 remarquodle,
961 2822 1014 2901 qui
1036 2841 1056 2881 o
1075 2821 1205 2902 esdoppd
1225 2824 1245 2881 d
1264 2822 1328 2884 Me.
1345 2821 1452 2884 atteri
1462 2841 1474 2895 ;
1494 2826 1615 2893 savoie,

446 2945 462 2979 s
485 2922 512 2982 te
531 2921 629 2983 dessio
637 2920 697 3002 fcit
704 2937 766 3002 por
781 2919 896 2982 Golilde
911 2921 945 2982 de
959 2920 1096 2983 Saturne
1116 2940 1187 2983 oceo
1206 2941 1261 2983 son
1281 2940 1410 2984 οηηοοη.
1431 2921 1469 2983 Si
1487 2941 1520 2984 ce
1539 2924 1614 3004 snit,

448 3045 464 3079 n
486 3022 540 3103 qui
558 3040 634 3084 uous
647 3027 692 3081 est
705 3022 813 3080 atteste
824 3037 886 3100 por
899 3019 949 3080 des
970 3020 1098 3082 domnus
1112 3019 1186 3081 d'uu
1203 3038 1284 3101 qron
1296 3023 1408 3095 soooir,
1420 3040 1451 3083 se
1461 3022 1613 3104 confirm,

447 3147 463 3179 «
484 3121 553 3183 e'est
575 3121 606 3182 ld
625 3139 684 3181 une
708 3118 853 3181 ueritadte
867 3120 1042 3182 descuverte
1055 3120 1145 3202 qu'on
1160 3138 1241 3181 auro
1252 3120 1312 3201 [uit
1331 3121 1407 3183 dous
1428 3120 1468 3182 ta
1485 3124 1614 3203 papien

447 3247 462 3280 u
485 3224 519 3283 de
543 3221 659 3286 Galil&
677 3244 704 3281 u.

521 3319 680 3400 Expositio
701 3320 900 3382 materiarum
923 3322 954 3382 in
979 3318 1106 3394 Codice,
1138 3320 1258 3400 dequo
1286 3322 1335 3383 hic
1360 3323 1481 3402 agitur,
1513 3339 1531 3382 a
1562 3341 1613 3385 me

443 3438 541 3500 nuper
560 3420 712 3494 exhibita,
733 3437 789 3482 neo
810 3437 871 3482 non
891 3421 985 3483 serios
1007 3420 1202 3499 sequentium
1223 3419 1365 3482 laborum
1394 3424 1500 3482 contra
1523 3437 1614 3499 prae

441 3528 592 3588 dictorum
613 3527 753 3589 locorum
769 3544 881 3599 unum,
901 3528 1053 3589 rationem
1078 3543 1180 3587 meam
1206 3526 1278 3587 satis
1299 3526 1418 3604 riteque
1439 3522 1611 3587 vindicant:

445 3644 482 3688 ac
495 3626 537 3689 ita
550 3626 628 3705 proi.
646 3626 785 3688 Librium
810 3626 974 3699 docebunt,
998 3631 1032 3686 ut
1056 3625 1088 3687 in
1112 3631 1269 3705 posterum
1290 3626 1388 3706 magis
1412 3629 1521 3687 exacta
1545 3642 1613 3688 ma·

442 3730 549 3811 piaque
573 3730 706 3809 genuina
738 3728 919 3792 documenta
941 3727 1066 3807 colligat
1093 3728 1130 3789 de
1151 3728 1199 3791 his
1219 3728 1331 3803 rebus,
1352 3727 1389 3789 do
1413 3725 1526 3805 quibus
1547 3733 1612 3791 tra-

444 3837 527 3893 ctare
548 3828 688 3891 voluerit.

521 3925 630 4001 Quoad
660 3927 791 3988 alterum
827 3928 945 3996 locum,
977 3935 1047 3987 ante
1072 3928 1176 3989 omnia
1208 3928 1377 4007 respondeo
1407 3945 1457 3988 me
1480 3927 1610 3990 minime

442 4027 612 4107 intelligere
632 4043 689 4088 cnr
707 4025 832 4087 Librius
856 4025 986 4089 affirmet
1008 4045 1057 4088 mo
1074 4026 1158 4105 ioqui
1181 4028 1291 4090 debere
1308 4028 1346 4089 de
1361 4027 1510 4101 Saturno,
1535 4046 1609 4091 cum
1646 4067 1648 4070 -

440 4129 578 4207 quaestio
608 4133 676 4190 erat
705 4126 743 4188 de
774 4124 857 4187 Jove.
888 4123 1024 4190 Censura
1053 4132 1156 4189 autent
1187 4144 1266 4207 quae
1297 4126 1362 4189 suis
1390 4126 1491 4191 vorbis
1518 4129 1610 4189 tacite

440 4233 625 4302 continetur,
656 4228 739 4308 quod
770 4226 889 4289 nullam
922 4225 977 4288 teci
1011 4227 1197 4291 mentionem
1226 4227 1341 4289 Annuli
1368 4224 1521 4298 Saturni,
1550 4243 1609 4305 pro

440 4328 517 4389 nihil
538 4347 588 4391 me
608 4329 716 4410 tangit,
736 4327 810 4407 qnia
831 4325 891 4388 mei
906 4331 971 4387 erat
988 4327 1046 4389 hoc
1066 4345 1219 4407 exponere
1246 4326 1373 4406 proprio
1393 4326 1481 4397 loco,
1504 4326 1535 4387 in
1551 4343 1608 4406 pu-

440 4430 602 4493 blicatione
629 4431 769 4495 videlicet
800 4431 912 4494 harum
942 4431 1136 4505 chartarum
1168 4431 1356 4508 quapropter
1391 4425 1461 4486 illos
1491 4424 1606 4487 directe

441 4528 559 4608 riteque
584 4529 754 4610 redarguit,
774 4530 841 4611 qui.
862 4547 960 4610 qnnm
991 4529 1097 4594 multis
1128 4527 1218 4591 annis
1249 4530 1318 4586 ante
1340 4523 1606 4588 Galilaeianornns

438 4627 521 4692 MSS.
545 4646 675 4690 examen
696 4631 907 4722 instituissent,
931 4649 992 4693 non
1017 4630 1109 4693 modo
1140 4625 1259 4689 nuliam
1286 4623 1377 4705 hujus
1403 4625 1447 4685 rei
1473 4626 1603 4690 mentio·

441 4751 511 4799 nem
534 4728 683 4801 iecerunt,
713 4729 776 4791 iuro
797 4731 828 4792 in
855 4731 989 4811 scriptis,
1004 4735 1142 4795 recenter
1163 4728 1195 4790 in
1215 4726 1316 4790 lucem
1338 4727 1429 4801 datis,
1453 4724 1603 4808 Ugeniuna
