<?xml version="1.0" encoding="UTF-8"?>
<!DOCTYPE html PUBLIC "-//W3C//DTD XHTML 1.0 Transitional//EN"
    "http://www.w3.org/TR/xhtml1/DTD/xhtml1-transitional.dtd">
<html xmlns="http://www.w3.org/1999/xhtml" xml:lang="en" lang="en">
 <head>
  <title>
</title>
<meta http-equiv="Content-Type" content="text/html;charset=utf-8" />
  <meta name='ocr-system' content='tesseract 3.04.00' />
  <meta name='ocr-capabilities' content='ocr_page ocr_carea ocr_par ocr_line ocrx_word'/>
</head>
<body>
  <div class='ocr_page' id='page_1' title='image "./leoperedigalile01vivigoog_0568.png"; bbox 0 0 4109 5934; ppageno 0'>
   <div class='ocr_carea' id='block_1_1' title="bbox 802 736 1563 802">
    <p class='ocr_par' dir='ltr' id='par_1_1' title="bbox 802 736 1563 802">
     <span class='ocr_line' id='line_1_1' title="bbox 802 736 1563 802; baseline 0.007 -5"><span class='ocrx_word' id='word_1_1' title='bbox 802 749 952 797; x_wconf 81' lang='lat' dir='ltr'><em>srosoau</em></span> <span class='ocrx_word' id='word_1_2' title='bbox 976 750 1035 796; x_wconf 86' lang='lat' dir='ltr'><em>rao</em></span> <span class='ocrx_word' id='word_1_3' title='bbox 1058 750 1200 796; x_wconf 73' lang='lat' dir='ltr'><em>artenao</em></span> <span class='ocrx_word' id='word_1_4' title='bbox 1502 736 1563 802; x_wconf 78' lang='lat' dir='ltr'><em>sat</em></span> 
     </span>
    </p>
   </div>
   <div class='ocr_carea' id='block_1_2' title="bbox 441 879 1574 1672">
    <p class='ocr_par' dir='ltr' id='par_1_2' title="bbox 441 879 1574 1672">
     <span class='ocr_line' id='line_1_2' title="bbox 443 879 1570 964; baseline 0.002 -17"><span class='ocrx_word' id='word_1_5' title='bbox 443 893 594 964; x_wconf 78' lang='lat' dir='ltr'><em>tanquam</em></span> <span class='ocrx_word' id='word_1_6' title='bbox 616 899 656 946; x_wconf 81' lang='lat' dir='ltr'><em>em</em></span> <span class='ocrx_word' id='word_1_7' title='bbox 680 879 716 944; x_wconf 89' lang='lat' dir='ltr'><em>S.</em></span> <span class='ocrx_word' id='word_1_8' title='bbox 739 879 923 962; x_wconf 80' lang='lat' dir='ltr'><em>Scripturas</em></span> <span class='ocrx_word' id='word_1_9' title='bbox 942 881 1082 957; x_wconf 86' lang='lat' dir='ltr'><em>decretis,</em></span> <span class='ocrx_word' id='word_1_10' title='bbox 1109 899 1171 946; x_wconf 85' lang='lat' dir='ltr'><em>nou</em></span> <span class='ocrx_word' id='word_1_11' title='bbox 1190 881 1280 945; x_wconf 90' lang='lat' dir='ltr'><em>aliter</em></span> <span class='ocrx_word' id='word_1_12' title='bbox 1299 884 1495 948; x_wconf 84' lang='lat' dir='ltr'><em>sentiendum</em></span> <span class='ocrx_word' id='word_1_13' title='bbox 1513 888 1570 950; x_wconf 89' lang='lat' dir='ltr'><em>do·</em></span> 
     </span>
     <span class='ocr_line' id='line_1_3' title="bbox 442 996 1569 1084; baseline 0 -18"><span class='ocrx_word' id='word_1_14' title='bbox 442 1019 512 1066; x_wconf 80' lang='lat' dir='ltr'><em>cene</em></span> <span class='ocrx_word' id='word_1_15' title='bbox 534 1020 571 1066; x_wconf 90' lang='lat' dir='ltr'><em>oc</em></span> <span class='ocrx_word' id='word_1_16' title='bbox 593 1000 657 1083; x_wconf 85' lang='lat' dir='ltr'><em>ipss</em></span> <span class='ocrx_word' id='word_1_17' title='bbox 677 1001 782 1073; x_wconf 87' lang='lat' dir='ltr'><em>sentit,</em></span> <span class='ocrx_word' id='word_1_18' title='bbox 804 1007 832 1062; x_wconf 92' lang='lat' dir='ltr'><em>et</em></span> <span class='ocrx_word' id='word_1_19' title='bbox 848 996 1035 1081; x_wconf 74' lang='lat' dir='ltr'><em>Scripturas</em></span> <span class='ocrx_word' id='word_1_20' title='bbox 1052 1000 1113 1062; x_wconf 87' lang='lat' dir='ltr'><em>uui</em></span> <span class='ocrx_word' id='word_1_21' title='bbox 1130 1007 1254 1063; x_wconf 89' lang='lat' dir='ltr'><em>tautum</em></span> <span class='ocrx_word' id='word_1_22' title='bbox 1270 1002 1376 1064; x_wconf 88' lang='lat' dir='ltr'><em>ssusui</em></span> <span class='ocrx_word' id='word_1_23' title='bbox 1401 1004 1453 1065; x_wconf 87' lang='lat' dir='ltr'><em>sui</em></span> <span class='ocrx_word' id='word_1_24' title='bbox 1472 1003 1569 1084; x_wconf 84' lang='lat' dir='ltr'><em>ipsius</em></span> 
     </span>
     <span class='ocr_line' id='line_1_4' title="bbox 441 1116 1570 1200; baseline 0 -16"><span class='ocrx_word' id='word_1_25' title='bbox 441 1130 499 1184; x_wconf 91' lang='lat' dir='ltr'><em>aut</em></span> <span class='ocrx_word' id='word_1_26' title='bbox 520 1120 651 1184; x_wconf 86' lang='lat' dir='ltr'><em>alterius</em></span> <span class='ocrx_word' id='word_1_27' title='bbox 672 1116 843 1200; x_wconf 70' lang='lat' dir='ltr'><em>philosophi</em></span> <span class='ocrx_word' id='word_1_28' title='bbox 865 1117 991 1197; x_wconf 69' lang='lat' dir='ltr'><em>subiicit</em></span> <span class='ocrx_word' id='word_1_29' title='bbox 1014 1128 1044 1181; x_wconf 90' lang='lat' dir='ltr'><em>et</em></span> <span class='ocrx_word' id='word_1_30' title='bbox 1067 1126 1222 1189; x_wconf 75' lang='lat' dir='ltr'><em>coarctat:</em></span> <span class='ocrx_word' id='word_1_31' title='bbox 1243 1119 1269 1181; x_wconf 86' lang='lat' dir='ltr'><em>is</em></span> <span class='ocrx_word' id='word_1_32' title='bbox 1293 1137 1358 1183; x_wconf 88' lang='lat' dir='ltr'><em>nou</em></span> <span class='ocrx_word' id='word_1_33' title='bbox 1380 1121 1469 1186; x_wconf 89' lang='lat' dir='ltr'><em>modo</em></span> <span class='ocrx_word' id='word_1_34' title='bbox 1484 1122 1570 1186; x_wconf 88' lang='lat' dir='ltr'><em>irra-</em></span> 
     </span>
     <span class='ocr_line' id='line_1_5' title="bbox 443 1233 1571 1319; baseline 0.003 -20"><span class='ocrx_word' id='word_1_35' title='bbox 443 1236 637 1300; x_wconf 81' lang='lat' dir='ltr'><em>tionabiliter</em></span> <span class='ocrx_word' id='word_1_36' title='bbox 658 1245 688 1299; x_wconf 93' lang='lat' dir='ltr'><em>et</em></span> <span class='ocrx_word' id='word_1_37' title='bbox 708 1234 889 1312; x_wconf 82' lang='lat' dir='ltr'><em>perniciose,</em></span> <span class='ocrx_word' id='word_1_38' title='bbox 911 1233 1074 1296; x_wconf 82' lang='lat' dir='ltr'><em>sedetiam</em></span> <span class='ocrx_word' id='word_1_39' title='bbox 1089 1233 1180 1314; x_wconf 89' lang='lat' dir='ltr'><em>impie</em></span> <span class='ocrx_word' id='word_1_40' title='bbox 1197 1250 1227 1295; x_wconf 84' lang='lat' dir='ltr'><em>se</em></span> <span class='ocrx_word' id='word_1_41' title='bbox 1244 1234 1351 1299; x_wconf 80' lang='lat' dir='ltr'><em>hahet.-</em></span> <span class='ocrx_word' id='word_1_42' title='bbox 1369 1237 1479 1318; x_wconf 85' lang='lat' dir='ltr'><em>quippe</em></span> <span class='ocrx_word' id='word_1_43' title='bbox 1496 1240 1571 1319; x_wconf 91' lang='lat' dir='ltr'><em>quia</em></span> 
     </span>
     <span class='ocr_line' id='line_1_6' title="bbox 443 1351 1570 1437; baseline 0.001 -19"><span class='ocrx_word' id='word_1_44' title='bbox 443 1353 629 1435; x_wconf 80' lang='lat' dir='ltr'><em>Scripturas</em></span> <span class='ocrx_word' id='word_1_45' title='bbox 644 1351 780 1417; x_wconf 85' lang='lat' dir='ltr'><em>Sooctoe</em></span> <span class='ocrx_word' id='word_1_46' title='bbox 798 1352 931 1416; x_wconf 78' lang='lat' dir='ltr'><em>ludibrio</em></span> <span class='ocrx_word' id='word_1_47' title='bbox 950 1352 1202 1433; x_wconf 88' lang='lat' dir='ltr'><em>philosophorum</em></span> <span class='ocrx_word' id='word_1_48' title='bbox 1224 1361 1253 1415; x_wconf 93' lang='lat' dir='ltr'><em>et</em></span> <span class='ocrx_word' id='word_1_49' title='bbox 1276 1353 1474 1418; x_wconf 73' lang='lat' dir='ltr'><em>irrisionibus</em></span> <span class='ocrx_word' id='word_1_50' title='bbox 1491 1374 1570 1437; x_wconf 83' lang='lat' dir='ltr'><em>qen-</em></span> 
     </span>
     <span class='ocr_line' id='line_1_7' title="bbox 446 1467 1572 1554; baseline 0 -20"><span class='ocrx_word' id='word_1_51' title='bbox 446 1472 549 1535; x_wconf 89' lang='lat' dir='ltr'><em>tiiium</em></span> <span class='ocrx_word' id='word_1_52' title='bbox 572 1488 609 1535; x_wconf 87' lang='lat' dir='ltr'><em>ao</em></span> <span class='ocrx_word' id='word_1_53' title='bbox 632 1471 857 1534; x_wconf 90' lang='lat' dir='ltr'><em>haereticorum</em></span> <span class='ocrx_word' id='word_1_54' title='bbox 879 1470 1024 1550; x_wconf 84' lang='lat' dir='ltr'><em>escpouit:</em></span> <span class='ocrx_word' id='word_1_55' title='bbox 1047 1469 1160 1548; x_wconf 87' lang='lat' dir='ltr'><em>quihus</em></span> <span class='ocrx_word' id='word_1_56' title='bbox 1179 1468 1274 1531; x_wconf 88' lang='lat' dir='ltr'><em>etiam</em></span> <span class='ocrx_word' id='word_1_57' title='bbox 1289 1467 1408 1533; x_wconf 88' lang='lat' dir='ltr'><em>aditum</em></span> <span class='ocrx_word' id='word_1_58' title='bbox 1425 1470 1468 1534; x_wconf 91' lang='lat' dir='ltr'><em>ad</em></span> <span class='ocrx_word' id='word_1_59' title='bbox 1483 1472 1572 1554; x_wconf 71' lang='lat' dir='ltr'><em>fidem</em></span> 
     </span>
     <span class='ocr_line' id='line_1_8' title="bbox 446 1562 1574 1672; baseline 0 -20"><span class='ocrx_word' id='word_1_60' title='bbox 446 1586 629 1670; x_wconf 85' lang='lat' dir='ltr'><em>praecludit,</em></span> <span class='ocrx_word' id='word_1_61' title='bbox 652 1604 708 1650; x_wconf 88' lang='lat' dir='ltr'><em>osc</em></span> <span class='ocrx_word' id='word_1_62' title='bbox 730 1594 821 1651; x_wconf 87' lang='lat' dir='ltr'><em>oocot</em></span> <span class='ocrx_word' id='word_1_63' title='bbox 842 1586 885 1650; x_wconf 93' lang='lat' dir='ltr'><em>ad</em></span> <span class='ocrx_word' id='word_1_64' title='bbox 905 1602 1019 1660; x_wconf 88' lang='lat' dir='ltr'><em>arcem,</em></span> <span class='ocrx_word' id='word_1_65' title='bbox 1038 1583 1091 1647; x_wconf 90' lang='lat' dir='ltr'><em>sed</em></span> <span class='ocrx_word' id='word_1_66' title='bbox 1114 1565 1229 1649; x_wconf 52' lang='lat' dir='ltr'><em>evocat*</em></span> <span class='ocrx_word' id='word_1_67' title='bbox 1242 1587 1281 1650; x_wconf 90' lang='lat' dir='ltr'><em>ah</em></span> <span class='ocrx_word' id='word_1_68' title='bbox 1304 1605 1376 1651; x_wconf 91' lang='lat' dir='ltr'><em>arce</em></span> <span class='ocrx_word' id='word_1_69' title='bbox 1399 1562 1574 1672; x_wconf 58' lang='lat' dir='ltr'><em>fideiiufi·</em></span> 
     </span>
    </p>
   </div>
   <div class='ocr_carea' id='block_1_3' title="bbox 365 1699 1668 4488">
    <p class='ocr_par' dir='ltr' id='par_1_3' title="bbox 365 1699 1579 2839">
     <span class='ocr_line' id='line_1_9' title="bbox 447 1699 1574 1785; baseline 0.001 -17"><span class='ocrx_word' id='word_1_70' title='bbox 447 1705 539 1776; x_wconf 87' lang='lat' dir='ltr'><em>deles,</em></span> <span class='ocrx_word' id='word_1_71' title='bbox 564 1712 593 1767; x_wconf 86' lang='lat' dir='ltr'><em>et</em></span> <span class='ocrx_word' id='word_1_72' title='bbox 622 1700 760 1785; x_wconf 88' lang='lat' dir='ltr'><em>Spiritui</em></span> <span class='ocrx_word' id='word_1_73' title='bbox 787 1699 906 1767; x_wconf 84' lang='lat' dir='ltr'><em>Sancto</em></span> <span class='ocrx_word' id='word_1_74' title='bbox 934 1700 1029 1764; x_wconf 87' lang='lat' dir='ltr'><em>simul</em></span> <span class='ocrx_word' id='word_1_75' title='bbox 1061 1701 1213 1781; x_wconf 79' lang='lat' dir='ltr'><em>injuriam</em></span> <span class='ocrx_word' id='word_1_76' title='bbox 1236 1701 1322 1782; x_wconf 76' lang='lat' dir='ltr'><em>[ecit.</em></span> <span class='ocrx_word' id='word_1_77' title='bbox 1350 1701 1449 1783; x_wconf 71' lang='lat' dir='ltr'><em>Cujus</em></span> <span class='ocrx_word' id='word_1_78' title='bbox 1474 1721 1574 1770; x_wconf 73' lang='lat' dir='ltr'><em>senno</em></span> 
     </span>
     <span class='ocr_line' id='line_1_10' title="bbox 448 1819 1574 1904; baseline 0.003 -18"><span class='ocrx_word' id='word_1_79' title='bbox 448 1841 521 1887; x_wconf 91' lang='lat' dir='ltr'><em>cum</em></span> <span class='ocrx_word' id='word_1_80' title='bbox 542 1824 582 1886; x_wconf 91' lang='lat' dir='ltr'><em>sit</em></span> <span class='ocrx_word' id='word_1_81' title='bbox 599 1823 905 1904; x_wconf 80' lang='lat' dir='ltr'><em>praequautisrimus</em></span> <span class='ocrx_word' id='word_1_82' title='bbox 929 1829 957 1884; x_wconf 91' lang='lat' dir='ltr'><em>et</em></span> <span class='ocrx_word' id='word_1_83' title='bbox 979 1819 1239 1900; x_wconf 72' lang='lat' dir='ltr'><em>foecundissimus</em></span> <span class='ocrx_word' id='word_1_84' title='bbox 1274 1819 1291 1903; x_wconf 91' lang='lat'><em>(</em></span> <span class='ocrx_word' id='word_1_85' title='bbox 1301 1829 1374 1884; x_wconf 84' lang='lat' dir='ltr'><em>teste</em></span> <span class='ocrx_word' id='word_1_86' title='bbox 1394 1822 1574 1903; x_wconf 75' lang='lat' dir='ltr'><em>luqustino</em></span> 
     </span>
     <span class='ocr_line' id='line_1_11' title="bbox 446 1935 1574 2018; baseline 0.002 -14"><span class='ocrx_word' id='word_1_87' title='bbox 446 1941 482 2004; x_wconf 88' lang='lat' dir='ltr'><em>de</em></span> <span class='ocrx_word' id='word_1_88' title='bbox 506 1941 583 2004; x_wconf 91' lang='lat' dir='ltr'><em>doct.</em></span> <span class='ocrx_word' id='word_1_89' title='bbox 607 1937 801 2011; x_wconf 79' lang='lat' dir='ltr'><em>Christiano,</em></span> <span class='ocrx_word' id='word_1_90' title='bbox 824 1946 852 2000; x_wconf 92' lang='lat' dir='ltr'><em>et</em></span> <span class='ocrx_word' id='word_1_91' title='bbox 877 1936 1093 2018; x_wconf 69' lang='lat' dir='ltr'><em>chrysostomo</em></span> <span class='ocrx_word' id='word_1_92' title='bbox 1115 1954 1209 2016; x_wconf 86' lang='lat' dir='ltr'><em>super</em></span> <span class='ocrx_word' id='word_1_93' title='bbox 1231 1935 1383 2011; x_wconf 83' lang='lat' dir='ltr'><em>Psalmos,</em></span> <span class='ocrx_word' id='word_1_94' title='bbox 1409 1937 1574 2007; x_wconf 72' lang='lat' dir='ltr'><em>Ambrosia</em></span> 
     </span>
     <span class='ocr_line' id='line_1_12' title="bbox 365 2053 1579 2139; baseline 0.002 -18"><span class='ocrx_word' id='word_1_95' title='bbox 365 2076 367 2081; x_wconf 92' lang='lat'>·</span> <span class='ocrx_word' id='word_1_96' title='bbox 446 2066 475 2121; x_wconf 90' lang='lat' dir='ltr'><em>et</em></span> <span class='ocrx_word' id='word_1_97' title='bbox 512 2056 643 2139; x_wconf 83' lang='lat' dir='ltr'><em>Oriqeue</em></span> <span class='ocrx_word' id='word_1_98' title='bbox 676 2059 711 2120; x_wconf 89' lang='lat' dir='ltr'><em>io</em></span> <span class='ocrx_word' id='word_1_99' title='bbox 732 2057 877 2120; x_wconf 79' lang='lat' dir='ltr'><em>omnihus</em></span> <span class='ocrx_word' id='word_1_100' title='bbox 910 2056 1055 2137; x_wconf 81' lang='lat' dir='ltr'><em>operibus</em></span> <span class='ocrx_word' id='word_1_101' title='bbox 1091 2056 1251 2136; x_wconf 88' lang='lat' dir='ltr'><em>ipsorum,</em></span> <span class='ocrx_word' id='word_1_102' title='bbox 1285 2065 1315 2120; x_wconf 92' lang='lat' dir='ltr'><em>et</em></span> <span class='ocrx_word' id='word_1_103' title='bbox 1339 2053 1487 2137; x_wconf 86' lang='lat' dir='ltr'><em>Greqorio</em></span> <span class='ocrx_word' id='word_1_104' title='bbox 1513 2057 1579 2124; x_wconf 74' lang='lat' dir='ltr'><em>xi</em></span> 
     </span>
     <span class='ocr_line' id='line_1_13' title="bbox 448 2173 1573 2261; baseline 0.003 -22"><span class='ocrx_word' id='word_1_105' title='bbox 448 2178 558 2241; x_wconf 86' lang='lat' dir='ltr'><em>moral.</em></span> <span class='ocrx_word' id='word_1_106' title='bbox 567 2176 595 2261; x_wconf 85' lang='lat'><em>),</em></span> <span class='ocrx_word' id='word_1_107' title='bbox 619 2175 760 2240; x_wconf 89' lang='lat' dir='ltr'><em>redditur</em></span> <span class='ocrx_word' id='word_1_108' title='bbox 782 2176 840 2239; x_wconf 92' lang='lat' dir='ltr'><em>hac</em></span> <span class='ocrx_word' id='word_1_109' title='bbox 863 2175 898 2237; x_wconf 93' lang='lat' dir='ltr'><em>de</em></span> <span class='ocrx_word' id='word_1_110' title='bbox 932 2191 1027 2237; x_wconf 88' lang='lat' dir='ltr'><em>causa</em></span> <span class='ocrx_word' id='word_1_111' title='bbox 1050 2174 1268 2237; x_wconf 85' lang='lat' dir='ltr'><em>sterilissimus.</em></span> <span class='ocrx_word' id='word_1_112' title='bbox 1299 2173 1573 2242; x_wconf 84' lang='lat' dir='ltr'><em>Foecuudissimus</em></span> 
     </span>
     <span class='ocr_line' id='line_1_14' title="bbox 447 2291 1574 2372; baseline 0.001 -13"><span class='ocrx_word' id='word_1_113' title='bbox 447 2303 553 2359; x_wconf 90' lang='lat' dir='ltr'><em>autem</em></span> <span class='ocrx_word' id='word_1_114' title='bbox 575 2302 620 2356; x_wconf 92' lang='lat' dir='ltr'><em>est</em></span> <span class='ocrx_word' id='word_1_115' title='bbox 643 2310 708 2357; x_wconf 88' lang='lat' dir='ltr'><em>uon</em></span> <span class='ocrx_word' id='word_1_116' title='bbox 731 2293 831 2356; x_wconf 86' lang='lat' dir='ltr'><em>solum</em></span> <span class='ocrx_word' id='word_1_117' title='bbox 853 2294 887 2355; x_wconf 85' lang='lat' dir='ltr'><em>io</em></span> <span class='ocrx_word' id='word_1_118' title='bbox 909 2309 1005 2354; x_wconf 90' lang='lat' dir='ltr'><em>semu</em></span> <span class='ocrx_word' id='word_1_119' title='bbox 1026 2292 1166 2372; x_wconf 76' lang='lat' dir='ltr'><em>mystico,</em></span> <span class='ocrx_word' id='word_1_120' title='bbox 1189 2291 1242 2354; x_wconf 89' lang='lat' dir='ltr'><em>sed</em></span> <span class='ocrx_word' id='word_1_121' title='bbox 1263 2294 1356 2355; x_wconf 88' lang='lat' dir='ltr'><em>etiam</em></span> <span class='ocrx_word' id='word_1_122' title='bbox 1379 2295 1413 2356; x_wconf 86' lang='lat' dir='ltr'><em>iu</em></span> <span class='ocrx_word' id='word_1_123' title='bbox 1441 2293 1574 2371; x_wconf 73' lang='lat' dir='ltr'><em>hiltiroh,</em></span> 
     </span>
     <span class='ocr_line' id='line_1_15' title="bbox 449 2407 1573 2491; baseline 0.002 -17"><span class='ocrx_word' id='word_1_124' title='bbox 449 2422 485 2474; x_wconf 89' lang='lat' dir='ltr'><em>ut</em></span> <span class='ocrx_word' id='word_1_125' title='bbox 501 2410 639 2491; x_wconf 80' lang='lat' dir='ltr'><em>Auqust.</em></span> <span class='ocrx_word' id='word_1_126' title='bbox 652 2411 738 2473; x_wconf 88' lang='lat' dir='ltr'><em>docet</em></span> <span class='ocrx_word' id='word_1_127' title='bbox 754 2411 815 2475; x_wconf 87' lang='lat' dir='ltr'><em>iul</em></span> <span class='ocrx_word' id='word_1_128' title='bbox 830 2410 866 2472; x_wconf 91' lang='lat' dir='ltr'><em>de</em></span> <span class='ocrx_word' id='word_1_129' title='bbox 887 2408 1012 2484; x_wconf 79' lang='lat' dir='ltr'><em>Triuit,</em></span> <span class='ocrx_word' id='word_1_130' title='bbox 1030 2417 1060 2472; x_wconf 94' lang='lat' dir='ltr'><em>et</em></span> <span class='ocrx_word' id='word_1_131' title='bbox 1080 2407 1121 2471; x_wconf 86' lang='lat' dir='ltr'><em>D.</em></span> <span class='ocrx_word' id='word_1_132' title='bbox 1143 2407 1277 2473; x_wconf 78' lang='lat' dir='ltr'><em>Thomas</em></span> <span class='ocrx_word' id='word_1_133' title='bbox 1299 2410 1334 2472; x_wconf 86' lang='lat' dir='ltr'><em>iu</em></span> <span class='ocrx_word' id='word_1_134' title='bbox 1357 2411 1381 2485; x_wconf 91' lang='lat' dir='ltr'><em>l,</em></span> <span class='ocrx_word' id='word_1_135' title='bbox 1400 2408 1526 2486; x_wconf 85' lang='lat' dir='ltr'><em>Ouaest.</em></span> <span class='ocrx_word' id='word_1_136' title='bbox 1545 2417 1573 2486; x_wconf 86' lang='lat'><em>1,</em></span> 
     </span>
     <span class='ocr_line' id='line_1_16' title="bbox 448 2526 1574 2609; baseline 0.001 -17"><span class='ocrx_word' id='word_1_137' title='bbox 448 2529 637 2603; x_wconf 86' lang='lat' dir='ltr'><em>art.10‚et</em></span> <span class='ocrx_word' id='word_1_138' title='bbox 662 2527 832 2609; x_wconf 72' lang='lat' dir='ltr'><em>cajetanus</em></span> <span class='ocrx_word' id='word_1_139' title='bbox 857 2527 1035 2591; x_wconf 74' lang='lat' dir='ltr'><em>cardinalis</em></span> <span class='ocrx_word' id='word_1_140' title='bbox 1057 2527 1174 2590; x_wconf 81' lang='lat' dir='ltr'><em>ibidem.</em></span> <span class='ocrx_word' id='word_1_141' title='bbox 1204 2526 1332 2592; x_wconf 89' lang='lat' dir='ltr'><em>Patitur</em></span> <span class='ocrx_word' id='word_1_142' title='bbox 1360 2529 1442 2593; x_wconf 87' lang='lat' dir='ltr'><em>euim</em></span> <span class='ocrx_word' id='word_1_143' title='bbox 1468 2546 1574 2593; x_wconf 88' lang='lat' dir='ltr'><em>omues</em></span> 
     </span>
     <span class='ocr_line' id='line_1_17' title="bbox 448 2642 1576 2728; baseline 0.003 -21"><span class='ocrx_word' id='word_1_144' title='bbox 448 2662 558 2709; x_wconf 83' lang='lat' dir='ltr'><em>seusus</em></span> <span class='ocrx_word' id='word_1_145' title='bbox 577 2653 606 2708; x_wconf 90' lang='lat' dir='ltr'><em>et</em></span> <span class='ocrx_word' id='word_1_146' title='bbox 619 2645 835 2727; x_wconf 76' lang='lat' dir='ltr'><em>repositiones,</em></span> <span class='ocrx_word' id='word_1_147' title='bbox 858 2663 938 2728; x_wconf 85' lang='lat' dir='ltr'><em>quos</em></span> <span class='ocrx_word' id='word_1_148' title='bbox 960 2645 1030 2709; x_wconf 87' lang='lat' dir='ltr'><em>aliis</em></span> <span class='ocrx_word' id='word_1_149' title='bbox 1046 2642 1231 2727; x_wconf 79' lang='lat' dir='ltr'><em>Scripturas</em></span> <span class='ocrx_word' id='word_1_150' title='bbox 1255 2646 1389 2710; x_wconf 79' lang='lat' dir='ltr'><em>tentibus</em></span> <span class='ocrx_word' id='word_1_151' title='bbox 1412 2663 1475 2710; x_wconf 89' lang='lat' dir='ltr'><em>uou</em></span> <span class='ocrx_word' id='word_1_152' title='bbox 1498 2665 1576 2712; x_wconf 87' lang='lat' dir='ltr'><em>con-</em></span> 
     </span>
     <span class='ocr_line' id='line_1_18' title="bbox 453 2761 1574 2839; baseline 0.003 -14"><span class='ocrx_word' id='word_1_153' title='bbox 453 2762 611 2826; x_wconf 84' lang='lat' dir='ltr'><em>tradicunt</em></span> <span class='ocrx_word' id='word_1_154' title='bbox 625 2762 738 2826; x_wconf 87' lang='lat' dir='ltr'><em>directe</em></span> <span class='ocrx_word' id='word_1_155' title='bbox 752 2762 800 2826; x_wconf 87' lang='lat' dir='ltr'><em>orl</em></span> <span class='ocrx_word' id='word_1_156' title='bbox 821 2763 978 2839; x_wconf 85' lang='lat' dir='ltr'><em>indirecte,</em></span> <span class='ocrx_word' id='word_1_157' title='bbox 994 2772 1028 2827; x_wconf 90' lang='lat' dir='ltr'><em>ut</em></span> <span class='ocrx_word' id='word_1_158' title='bbox 1046 2763 1179 2826; x_wconf 83' lang='lat' dir='ltr'><em>hahetur</em></span> <span class='ocrx_word' id='word_1_159' title='bbox 1194 2765 1227 2825; x_wconf 87' lang='lat' dir='ltr'><em>iu</em></span> <span class='ocrx_word' id='word_1_160' title='bbox 1247 2761 1374 2839; x_wconf 83' lang='lat' dir='ltr'><em>Quaest.</em></span> <span class='ocrx_word' id='word_1_161' title='bbox 1390 2763 1444 2838; x_wconf 77' lang='lat'><em>32,</em></span> <span class='ocrx_word' id='word_1_162' title='bbox 1466 2774 1527 2828; x_wconf 86' lang='lat' dir='ltr'><em>art.</em></span> <span class='ocrx_word' id='word_1_163' title='bbox 1543 2765 1574 2830; x_wconf 78' lang='lat' dir='ltr'><em>l.</em></span> 
     </span>
    </p>

    <p class='ocr_par' dir='ltr' id='par_1_4' title="bbox 452 2879 1668 4488">
     <span class='ocr_line' id='line_1_19' title="bbox 539 2879 1575 2964; baseline 0.002 -21"><span class='ocrx_word' id='word_1_164' title='bbox 539 2879 732 2961; x_wconf 69' lang='lat' dir='ltr'><em>Huiusmodi</em></span> <span class='ocrx_word' id='word_1_165' title='bbox 759 2891 920 2962; x_wconf 87' lang='lat' dir='ltr'><em>praeterea</em></span> <span class='ocrx_word' id='word_1_166' title='bbox 949 2881 1128 2964; x_wconf 88' lang='lat' dir='ltr'><em>multiplicis</em></span> <span class='ocrx_word' id='word_1_167' title='bbox 1161 2883 1363 2964; x_wconf 72' lang='lat' dir='ltr'><em>expositionis</em></span> <span class='ocrx_word' id='word_1_168' title='bbox 1386 2899 1454 2945; x_wconf 90' lang='lat' dir='ltr'><em>eom</em></span> <span class='ocrx_word' id='word_1_169' title='bbox 1477 2881 1575 2946; x_wconf 89' lang='lat' dir='ltr'><em>reddit</em></span> 
     </span>
     <span class='ocr_line' id='line_1_20' title="bbox 452 2996 1576 3081; baseline -0.001 -19"><span class='ocrx_word' id='word_1_170' title='bbox 452 3016 579 3062; x_wconf 89' lang='lat' dir='ltr'><em>causam</em></span> <span class='ocrx_word' id='word_1_171' title='bbox 606 2997 643 3059; x_wconf 86' lang='lat' dir='ltr'><em>ll.</em></span> <span class='ocrx_word' id='word_1_172' title='bbox 672 2996 779 3061; x_wconf 87' lang='lat' dir='ltr'><em>Thom.</em></span> <span class='ocrx_word' id='word_1_173' title='bbox 803 3017 908 3079; x_wconf 86' lang='lat' dir='ltr'><em>opusc.</em></span> <span class='ocrx_word' id='word_1_174' title='bbox 926 2999 970 3075; x_wconf 83' lang='lat' dir='ltr'><em>X,</em></span> <span class='ocrx_word' id='word_1_175' title='bbox 991 2996 1119 3074; x_wconf 83' lang='lat' dir='ltr'><em>Quaest.</em></span> <span class='ocrx_word' id='word_1_176' title='bbox 1142 2999 1194 3070; x_wconf 89' lang='lat'><em>18,</em></span> <span class='ocrx_word' id='word_1_177' title='bbox 1214 2999 1427 3081; x_wconf 82' lang='lat' dir='ltr'><em>quampridem</em></span> <span class='ocrx_word' id='word_1_178' title='bbox 1453 2998 1576 3062; x_wconf 79' lang='lat' dir='ltr'><em>diceret</em></span> 
     </span>
     <span class='ocr_line' id='line_1_21' title="bbox 452 3114 1575 3199; baseline 0.001 -20"><span class='ocrx_word' id='word_1_179' title='bbox 452 3118 696 3198; x_wconf 72' lang='lat' dir='ltr'><em>loquatiuual</em></span> <span class='ocrx_word' id='word_1_180' title='bbox 721 3134 815 3198; x_wconf 86' lang='lat' dir='ltr'><em>super</em></span> <span class='ocrx_word' id='word_1_181' title='bbox 840 3114 918 3181; x_wconf 83' lang='lat' dir='ltr'><em>Gru.</em></span> <span class='ocrx_word' id='word_1_182' title='bbox 940 3119 982 3181; x_wconf 90' lang='lat' dir='ltr'><em>od</em></span> <span class='ocrx_word' id='word_1_183' title='bbox 1004 3119 1063 3191; x_wconf 82' lang='lat' dir='ltr'><em>lit,</em></span> <span class='ocrx_word' id='word_1_184' title='bbox 1087 3118 1218 3193; x_wconf 83' lang='lat' dir='ltr'><em>Multis,</em></span> <span class='ocrx_word' id='word_1_185' title='bbox 1242 3120 1403 3199; x_wconf 79' lang='lat' dir='ltr'><em>iuquiens,</em></span> <span class='ocrx_word' id='word_1_186' title='bbox 1431 3117 1575 3181; x_wconf 82' lang='lat' dir='ltr'><em>exitibus</em></span> 
     </span>
     <span class='ocr_line' id='line_1_22' title="bbox 452 3234 1576 3317; baseline -0.001 -19"><span class='ocrx_word' id='word_1_187' title='bbox 452 3234 569 3299; x_wconf 80' lang='lat' dir='ltr'><em>Sacrae</em></span> <span class='ocrx_word' id='word_1_188' title='bbox 584 3235 772 3316; x_wconf 89' lang='lat' dir='ltr'><em>Scripturae</em></span> <span class='ocrx_word' id='word_1_189' title='bbox 794 3238 896 3300; x_wconf 82' lang='lat' dir='ltr'><em>rerba</em></span> <span class='ocrx_word' id='word_1_190' title='bbox 914 3242 1136 3317; x_wconf 87' lang='lat' dir='ltr'><em>exponuntur,</em></span> <span class='ocrx_word' id='word_1_191' title='bbox 1153 3242 1192 3300; x_wconf 94' lang='lat' dir='ltr'><em>ut</em></span> <span class='ocrx_word' id='word_1_192' title='bbox 1208 3253 1242 3299; x_wconf 88' lang='lat' dir='ltr'><em>se</em></span> <span class='ocrx_word' id='word_1_193' title='bbox 1260 3237 1301 3299; x_wconf 88' lang='lat' dir='ltr'><em>ah</em></span> <span class='ocrx_word' id='word_1_194' title='bbox 1318 3235 1469 3299; x_wconf 83' lang='lat' dir='ltr'><em>irrisione</em></span> <span class='ocrx_word' id='word_1_195' title='bbox 1483 3234 1576 3298; x_wconf 89' lang='lat' dir='ltr'><em>cohi·</em></span> 
     </span>
     <span class='ocr_line' id='line_1_23' title="bbox 453 3350 1578 3424; baseline 0 -11"><span class='ocrx_word' id='word_1_196' title='bbox 453 3352 551 3414; x_wconf 87' lang='lat' dir='ltr'><em>beant</em></span> <span class='ocrx_word' id='word_1_197' title='bbox 573 3351 676 3415; x_wconf 89' lang='lat' dir='ltr'><em>intlati</em></span> <span class='ocrx_word' id='word_1_198' title='bbox 707 3352 825 3416; x_wconf 88' lang='lat' dir='ltr'><em>litteris</em></span> <span class='ocrx_word' id='word_1_199' title='bbox 849 3353 1062 3417; x_wconf 88' lang='lat' dir='ltr'><em>secularibus.</em></span> <span class='ocrx_word' id='word_1_200' title='bbox 1083 3351 1124 3415; x_wconf 87' lang='lat' dir='ltr'><em>Iu</em></span> <span class='ocrx_word' id='word_1_201' title='bbox 1141 3352 1217 3416; x_wconf 88' lang='lat' dir='ltr'><em>h’hro</em></span> <span class='ocrx_word' id='word_1_202' title='bbox 1239 3371 1311 3416; x_wconf 85' lang='lat' dir='ltr'><em>vero</em></span> <span class='ocrx_word' id='word_1_203' title='bbox 1333 3352 1369 3415; x_wconf 93' lang='lat' dir='ltr'><em>de</em></span> <span class='ocrx_word' id='word_1_204' title='bbox 1396 3350 1518 3424; x_wconf 84' lang='lat' dir='ltr'><em>Trinit,</em></span> <span class='ocrx_word' id='word_1_205' title='bbox 1542 3360 1578 3413; x_wconf 92' lang='lat' dir='ltr'><em>ut</em></span> 
     </span>
     <span class='ocr_line' id='line_1_24' title="bbox 453 3456 1668 3551; baseline 0.002 -22"><span class='ocrx_word' id='word_1_206' title='bbox 453 3466 549 3529; x_wconf 87' lang='lat' dir='ltr'><em>uariis</em></span> <span class='ocrx_word' id='word_1_207' title='bbox 570 3467 628 3530; x_wconf 85' lang='lat' dir='ltr'><em>viis</em></span> <span class='ocrx_word' id='word_1_208' title='bbox 646 3468 748 3532; x_wconf 89' lang='lat' dir='ltr'><em>caoilli</em></span> <span class='ocrx_word' id='word_1_209' title='bbox 767 3468 995 3532; x_wconf 90' lang='lat' dir='ltr'><em>haereticorum</em></span> <span class='ocrx_word' id='word_1_210' title='bbox 1010 3466 1188 3542; x_wconf 85' lang='lat' dir='ltr'><em>eludantur,</em></span> <span class='ocrx_word' id='word_1_211' title='bbox 1204 3467 1284 3530; x_wconf 89' lang='lat' dir='ltr'><em>idem</em></span> <span class='ocrx_word' id='word_1_212' title='bbox 1301 3469 1369 3551; x_wconf 71' lang='lat' dir='ltr'><em>fieri</em></span> <span class='ocrx_word' id='word_1_213' title='bbox 1383 3468 1478 3532; x_wconf 88' lang='lat' dir='ltr'><em>docet.</em></span> <span class='ocrx_word' id='word_1_214' title='bbox 1499 3467 1579 3531; x_wconf 89' lang='lat' dir='ltr'><em>ltem</em></span> <span class='ocrx_word' id='word_1_215' title='bbox 1665 3456 1668 3459; x_wconf 39' lang='grc'>“</span> 
     </span>
     <span class='ocr_line' id='line_1_25' title="bbox 458 3582 1579 3666; baseline 0.001 -21"><span class='ocrx_word' id='word_1_216' title='bbox 458 3583 496 3645; x_wconf 85' lang='lat' dir='ltr'><em>D.</em></span> <span class='ocrx_word' id='word_1_217' title='bbox 513 3582 644 3649; x_wconf 80' lang='lat' dir='ltr'><em>Thomas</em></span> <span class='ocrx_word' id='word_1_218' title='bbox 666 3586 700 3647; x_wconf 86' lang='lat' dir='ltr'><em>io</em></span> <span class='ocrx_word' id='word_1_219' title='bbox 722 3585 857 3666; x_wconf 75' lang='lat' dir='ltr'><em>ejusdem</em></span> <span class='ocrx_word' id='word_1_220' title='bbox 881 3587 1022 3666; x_wconf 85' lang='lat' dir='ltr'><em>opusculi</em></span> <span class='ocrx_word' id='word_1_221' title='bbox 1041 3587 1218 3666; x_wconf 83' lang='lat' dir='ltr'><em>prooemio:</em></span> <span class='ocrx_word' id='word_1_222' title='bbox 1254 3585 1322 3647; x_wconf 86' lang='lat' dir='ltr'><em>Hoc</em></span> <span class='ocrx_word' id='word_1_223' title='bbox 1356 3584 1389 3647; x_wconf 91' lang='lat' dir='ltr'><em>in</em></span> <span class='ocrx_word' id='word_1_224' title='bbox 1418 3585 1579 3666; x_wconf 90' lang='lat' dir='ltr'><em>principio</em></span> 
     </span>
     <span class='ocr_line' id='line_1_26' title="bbox 458 3700 1579 3782; baseline 0.001 -20"><span class='ocrx_word' id='word_1_225' title='bbox 458 3705 617 3780; x_wconf 89' lang='lat' dir='ltr'><em>protestor</em></span> <span class='ocrx_word' id='word_1_226' title='bbox 640 3702 727 3782; x_wconf 90' lang='lat' dir='ltr'><em>quod</em></span> <span class='ocrx_word' id='word_1_227' title='bbox 750 3702 859 3782; x_wconf 89' lang='lat' dir='ltr'><em>plures</em></span> <span class='ocrx_word' id='word_1_228' title='bbox 882 3701 1002 3765; x_wconf 91' lang='lat' dir='ltr'><em>horum</em></span> <span class='ocrx_word' id='word_1_229' title='bbox 1025 3701 1243 3765; x_wconf 90' lang='lat' dir='ltr'><em>actioulorum</em></span> <span class='ocrx_word' id='word_1_230' title='bbox 1278 3701 1318 3763; x_wconf 92' lang='lat' dir='ltr'><em>ad</em></span> <span class='ocrx_word' id='word_1_231' title='bbox 1349 3700 1424 3763; x_wconf 86' lang='lat' dir='ltr'><em>fidei</em></span> <span class='ocrx_word' id='word_1_232' title='bbox 1455 3702 1579 3765; x_wconf 88' lang='lat' dir='ltr'><em>doctri-</em></span> 
     </span>
     <span class='ocr_line' id='line_1_27' title="bbox 457 3819 1577 3903; baseline -0.001 -22"><span class='ocrx_word' id='word_1_233' title='bbox 457 3836 535 3886; x_wconf 92' lang='lat' dir='ltr'><em>nam</em></span> <span class='ocrx_word' id='word_1_234' title='bbox 558 3836 623 3882; x_wconf 91' lang='lat' dir='ltr'><em>non</em></span> <span class='ocrx_word' id='word_1_235' title='bbox 647 3820 819 3901; x_wconf 83' lang='lat' dir='ltr'><em>pertinent,</em></span> <span class='ocrx_word' id='word_1_236' title='bbox 842 3822 900 3884; x_wconf 87' lang='lat' dir='ltr'><em>sed</em></span> <span class='ocrx_word' id='word_1_237' title='bbox 922 3821 1029 3903; x_wconf 79' lang='lat' dir='ltr'><em>magis</em></span> <span class='ocrx_word' id='word_1_238' title='bbox 1059 3820 1101 3882; x_wconf 92' lang='lat' dir='ltr'><em>ad</em></span> <span class='ocrx_word' id='word_1_239' title='bbox 1125 3819 1390 3900; x_wconf 86' lang='lat' dir='ltr'><em>philosophorum</em></span> <span class='ocrx_word' id='word_1_240' title='bbox 1413 3819 1577 3900; x_wconf 80' lang='lat' dir='ltr'><em>dogmata.</em></span> 
     </span>
     <span class='ocr_line' id='line_1_28' title="bbox 458 3933 1581 4016; baseline -0.006 -15"><span class='ocrx_word' id='word_1_241' title='bbox 458 3936 601 4001; x_wconf 88' lang='lat' dir='ltr'><em>Mullum</em></span> <span class='ocrx_word' id='word_1_242' title='bbox 625 3941 735 4001; x_wconf 90' lang='lat' dir='ltr'><em>autem</em></span> <span class='ocrx_word' id='word_1_243' title='bbox 758 3941 854 4000; x_wconf 91' lang='lat' dir='ltr'><em>nocet</em></span> <span class='ocrx_word' id='word_1_244' title='bbox 875 3937 967 4011; x_wconf 90' lang='lat' dir='ltr'><em>talia,</em></span> <span class='ocrx_word' id='word_1_245' title='bbox 990 3952 1075 4016; x_wconf 89' lang='lat' dir='ltr'><em>quae</em></span> <span class='ocrx_word' id='word_1_246' title='bbox 1097 3935 1139 3998; x_wconf 90' lang='lat' dir='ltr'><em>ad</em></span> <span class='ocrx_word' id='word_1_247' title='bbox 1162 3934 1293 4015; x_wconf 87' lang='lat' dir='ltr'><em>pietatis</em></span> <span class='ocrx_word' id='word_1_248' title='bbox 1315 3933 1498 3998; x_wconf 83' lang='lat' dir='ltr'><em>doctrinam</em></span> <span class='ocrx_word' id='word_1_249' title='bbox 1514 3949 1581 3995; x_wconf 90' lang='lat' dir='ltr'><em>nou</em></span> 
     </span>
     <span class='ocr_line' id='line_1_29' title="bbox 458 4051 1579 4145; baseline -0.004 -28"><span class='ocrx_word' id='word_1_250' title='bbox 458 4059 616 4133; x_wconf 86' lang='lat' dir='ltr'><em>spectant,</em></span> <span class='ocrx_word' id='word_1_251' title='bbox 638 4069 783 4116; x_wconf 84' lang='lat' dir='ltr'><em>asserere</em></span> <span class='ocrx_word' id='word_1_252' title='bbox 805 4051 859 4117; x_wconf 89' lang='lat' dir='ltr'><em>vel</em></span> <span class='ocrx_word' id='word_1_253' title='bbox 882 4069 1024 4145; x_wconf 76' lang='lat' dir='ltr'><em>negare,</em></span> <span class='ocrx_word' id='word_1_254' title='bbox 1050 4052 1145 4133; x_wconf 89' lang='lat' dir='ltr'><em>quasi</em></span> <span class='ocrx_word' id='word_1_255' title='bbox 1169 4051 1364 4133; x_wconf 86' lang='lat' dir='ltr'><em>pertinentia</em></span> <span class='ocrx_word' id='word_1_256' title='bbox 1387 4051 1429 4114; x_wconf 90' lang='lat' dir='ltr'><em>ad</em></span> <span class='ocrx_word' id='word_1_257' title='bbox 1451 4065 1579 4112; x_wconf 90' lang='lat' dir='ltr'><em>sacram</em></span> 
     </span>
     <span class='ocr_line' id='line_1_30' title="bbox 457 4168 1581 4252; baseline -0.003 -21"><span class='ocrx_word' id='word_1_258' title='bbox 457 4169 653 4234; x_wconf 85' lang='lat' dir='ltr'><em>doctrinam.</em></span> <span class='ocrx_word' id='word_1_259' title='bbox 675 4169 763 4234; x_wconf 87' lang='lat' dir='ltr'><em>Dicit</em></span> <span class='ocrx_word' id='word_1_260' title='bbox 786 4170 874 4232; x_wconf 91' lang='lat' dir='ltr'><em>enim</em></span> <span class='ocrx_word' id='word_1_261' title='bbox 898 4169 1105 4252; x_wconf 75' lang='lat' dir='ltr'><em>Augustinus</em></span> <span class='ocrx_word' id='word_1_262' title='bbox 1123 4170 1156 4232; x_wconf 91' lang='lat' dir='ltr'><em>in</em></span> <span class='ocrx_word' id='word_1_263' title='bbox 1180 4171 1208 4233; x_wconf 91' lang='lat' dir='ltr'>V</span> <span class='ocrx_word' id='word_1_264' title='bbox 1231 4168 1397 4234; x_wconf 75' lang='lat' dir='ltr'><em>consess:</em></span> <span class='ocrx_word' id='word_1_265' title='bbox 1419 4168 1503 4233; x_wconf 88' lang='lat' dir='ltr'><em>Cum</em></span> <span class='ocrx_word' id='word_1_266' title='bbox 1519 4183 1581 4229; x_wconf 91' lang='lat' dir='ltr'><em>au·</em></span> 
     </span>
     <span class='ocr_line' id='line_1_31' title="bbox 458 4284 1583 4371; baseline -0.005 -19"><span class='ocrx_word' id='word_1_267' title='bbox 458 4289 514 4352; x_wconf 91' lang='lat' dir='ltr'><em>dio</em></span> <span class='ocrx_word' id='word_1_268' title='bbox 535 4287 759 4353; x_wconf 85' lang='lat' dir='ltr'><em>Christianum</em></span> <span class='ocrx_word' id='word_1_269' title='bbox 794 4288 936 4368; x_wconf 86' lang='lat' dir='ltr'><em>aliquem</em></span> <span class='ocrx_word' id='word_1_270' title='bbox 960 4288 1025 4351; x_wconf 89' lang='lat' dir='ltr'><em>ista</em></span> <span class='ocrx_word' id='word_1_271' title='bbox 1050 4285 1197 4371; x_wconf 82' lang='lat' dir='ltr'><em>(scilicet</em></span> <span class='ocrx_word' id='word_1_272' title='bbox 1223 4304 1308 4367; x_wconf 88' lang='lat' dir='ltr'><em>quae</em></span> <span class='ocrx_word' id='word_1_273' title='bbox 1337 4285 1518 4366; x_wconf 88' lang='lat' dir='ltr'><em>philosophi</em></span> <span class='ocrx_word' id='word_1_274' title='bbox 1542 4284 1583 4349; x_wconf 92' lang='lat' dir='ltr'><em>de</em></span> 
     </span>
     <span class='ocr_line' id='line_1_32' title="bbox 460 4400 1585 4488; baseline -0.004 -18"><span class='ocrx_word' id='word_1_275' title='bbox 460 4405 553 4470; x_wconf 87' lang='lat' dir='ltr'><em>coelo</em></span> <span class='ocrx_word' id='word_1_276' title='bbox 577 4412 610 4470; x_wconf 91' lang='lat' dir='ltr'><em>et</em></span> <span class='ocrx_word' id='word_1_277' title='bbox 632 4408 736 4471; x_wconf 90' lang='lat' dir='ltr'><em>stellis</em></span> <span class='ocrx_word' id='word_1_278' title='bbox 759 4413 791 4469; x_wconf 87' lang='lat' dir='ltr'><em>et</em></span> <span class='ocrx_word' id='word_1_279' title='bbox 814 4406 854 4468; x_wconf 90' lang='lat' dir='ltr'><em>de</em></span> <span class='ocrx_word' id='word_1_280' title='bbox 877 4406 954 4470; x_wconf 89' lang='lat' dir='ltr'><em>solis</em></span> <span class='ocrx_word' id='word_1_281' title='bbox 978 4406 1140 4486; x_wconf 86' lang='lat' dir='ltr'><em>lunaeque</em></span> <span class='ocrx_word' id='word_1_282' title='bbox 1163 4406 1307 4469; x_wconf 89' lang='lat' dir='ltr'><em>motibus</em></span> <span class='ocrx_word' id='word_1_283' title='bbox 1325 4400 1502 4488; x_wconf 82' lang='lat' dir='ltr'><em>dixerunt)</em></span> <span class='ocrx_word' id='word_1_284' title='bbox 1525 4420 1585 4467; x_wconf 88' lang='lat' dir='ltr'><em>ne·</em></span> 
     </span>
    </p>
   </div>
   <div class='ocr_carea' id='block_1_4' title="bbox 461 4520 1700 4603">
    <p class='ocr_par' dir='ltr' id='par_1_5' title="bbox 461 4520 1700 4603">
     <span class='ocr_line' id='line_1_33' title="bbox 461 4520 1700 4603; baseline -0.003 -15"><span class='ocrx_word' id='word_1_285' title='bbox 461 4525 631 4599; x_wconf 88' lang='lat' dir='ltr'><em>scientem,</em></span> <span class='ocrx_word' id='word_1_286' title='bbox 653 4531 686 4588; x_wconf 93' lang='lat' dir='ltr'><em>et</em></span> <span class='ocrx_word' id='word_1_287' title='bbox 701 4524 793 4587; x_wconf 88' lang='lat' dir='ltr'><em>aliud</em></span> <span class='ocrx_word' id='word_1_288' title='bbox 808 4539 867 4602; x_wconf 90' lang='lat' dir='ltr'><em>pro</em></span> <span class='ocrx_word' id='word_1_289' title='bbox 885 4522 952 4586; x_wconf 90' lang='lat' dir='ltr'><em>alio</em></span> <span class='ocrx_word' id='word_1_290' title='bbox 966 4523 1170 4596; x_wconf 87' lang='lat' dir='ltr'><em>sentientem,</em></span> <span class='ocrx_word' id='word_1_291' title='bbox 1190 4523 1350 4602; x_wconf 84' lang='lat' dir='ltr'><em>patienter</em></span> <span class='ocrx_word' id='word_1_292' title='bbox 1368 4522 1497 4583; x_wconf 87' lang='lat' dir='ltr'><em>intueor</em></span> <span class='ocrx_word' id='word_1_293' title='bbox 1510 4520 1583 4603; x_wconf 89' lang='lat' dir='ltr'><em>opi-</em></span> <span class='ocrx_word' id='word_1_294' title='bbox 1693 4591 1700 4600; x_wconf 59' lang='grc'>,</span> 
     </span>
    </p>
   </div>
   <div class='ocr_carea' id='block_1_5' title="bbox 460 4637 1586 4717">
    <p class='ocr_par' dir='ltr' id='par_1_6' title="bbox 460 4637 1586 4717">
     <span class='ocr_line' id='line_1_34' title="bbox 460 4637 1586 4717; baseline -0.001 -14"><span class='ocrx_word' id='word_1_295' title='bbox 460 4648 595 4705; x_wconf 89' lang='lat' dir='ltr'><em>nantem</em></span> <span class='ocrx_word' id='word_1_296' title='bbox 616 4642 800 4715; x_wconf 89' lang='lat' dir='ltr'><em>hominem,</em></span> <span class='ocrx_word' id='word_1_297' title='bbox 828 4655 888 4701; x_wconf 87' lang='lat' dir='ltr'><em>nec</em></span> <span class='ocrx_word' id='word_1_298' title='bbox 911 4638 959 4701; x_wconf 94' lang='lat' dir='ltr'><em>illi</em></span> <span class='ocrx_word' id='word_1_299' title='bbox 982 4640 1095 4702; x_wconf 85' lang='lat' dir='ltr'><em>obesse</em></span> <span class='ocrx_word' id='word_1_300' title='bbox 1119 4639 1237 4711; x_wconf 88' lang='lat' dir='ltr'><em>video,</em></span> <span class='ocrx_word' id='word_1_301' title='bbox 1259 4655 1362 4717; x_wconf 90' lang='lat' dir='ltr'><em>quum</em></span> <span class='ocrx_word' id='word_1_302' title='bbox 1385 4638 1424 4701; x_wconf 88' lang='lat' dir='ltr'><em>de</em></span> <span class='ocrx_word' id='word_1_303' title='bbox 1454 4643 1496 4712; x_wconf 88' lang='lat' dir='ltr'><em>te,</em></span> <span class='ocrx_word' id='word_1_304' title='bbox 1519 4637 1586 4702; x_wconf 83' lang='lat' dir='ltr'><em>lla·</em></span> 
     </span>
    </p>
   </div>
   <div class='ocr_carea' id='block_1_6' title="bbox 463 4755 1585 4928">
    <p class='ocr_par' dir='ltr' id='par_1_7' title="bbox 463 4755 1585 4928">
     <span class='ocr_line' id='line_1_35' title="bbox 463 4755 1585 4838; baseline -0.003 -16"><span class='ocrx_word' id='word_1_305' title='bbox 463 4761 549 4823; x_wconf 88' lang='lat' dir='ltr'><em>mine</em></span> <span class='ocrx_word' id='word_1_306' title='bbox 572 4766 702 4824; x_wconf 90' lang='lat' dir='ltr'><em>creator</em></span> <span class='ocrx_word' id='word_1_307' title='bbox 723 4760 884 4832; x_wconf 91' lang='lat' dir='ltr'><em>omnium,</em></span> <span class='ocrx_word' id='word_1_308' title='bbox 906 4774 973 4821; x_wconf 91' lang='lat' dir='ltr'><em>uon</em></span> <span class='ocrx_word' id='word_1_309' title='bbox 995 4758 1107 4821; x_wconf 83' lang='lat' dir='ltr'><em>eredat</em></span> <span class='ocrx_word' id='word_1_310' title='bbox 1130 4755 1277 4838; x_wconf 80' lang='lat' dir='ltr'><em>indigua,</em></span> <span class='ocrx_word' id='word_1_311' title='bbox 1300 4757 1326 4819; x_wconf 93' lang='lat' dir='ltr'><em>si</em></span> <span class='ocrx_word' id='word_1_312' title='bbox 1351 4755 1433 4820; x_wconf 80' lang='lat' dir='ltr'><em>torte</em></span> <span class='ocrx_word' id='word_1_313' title='bbox 1455 4757 1538 4821; x_wconf 86' lang='lat' dir='ltr'><em>situs</em></span> <span class='ocrx_word' id='word_1_314' title='bbox 1552 4760 1585 4820; x_wconf 89' lang='lat' dir='ltr'><em>et</em></span> 
     </span>
     <span class='ocr_line' id='line_1_36' title="bbox 547 4870 1465 4928; baseline -0.001 -1"><span class='ocrx_word' id='word_1_315' title='bbox 547 4871 672 4928; x_wconf 76' lang='lat' dir='ltr'><em>Gaurano</em></span> <span class='ocrx_word' id='word_1_316' title='bbox 690 4872 809 4928; x_wconf 78' lang='lat' dir='ltr'><em>Genesar</em></span> <span class='ocrx_word' id='word_1_317' title='bbox 825 4902 851 4914; x_wconf 98' lang='lat'>-</span> <span class='ocrx_word' id='word_1_318' title='bbox 869 4870 901 4927; x_wconf 88' lang='lat' dir='ltr'><em>T.</em></span> <span class='ocrx_word' id='word_1_319' title='bbox 922 4871 957 4925; x_wconf 90' lang='lat' dir='ltr'><em>V.</em></span> <span class='ocrx_word' id='word_1_320' title='bbox 1430 4876 1465 4926; x_wconf 82' lang='lat' dir='ltr'><em>aa</em></span> 
     </span>
    </p>
   </div>
   <div class='ocr_carea' id='block_1_7' title="bbox 0 0 2079 5934">
    <p class='ocr_par' dir='ltr' id='par_1_8' title="bbox 0 0 2079 5934">
     <span class='ocr_line' id='line_1_37' title="bbox 0 0 2079 5934; baseline 0 0"><span class='ocrx_word' id='word_1_321' title='bbox 0 0 2079 5934; x_wconf 95' lang='lat' dir='ltr'><em> </em></span> 
     </span>
    </p>
   </div>
  </div>
 </body>
</html>
