<?xml version="1.0" encoding="UTF-8"?>
<!DOCTYPE html PUBLIC "-//W3C//DTD XHTML 1.0 Transitional//EN"
    "http://www.w3.org/TR/xhtml1/DTD/xhtml1-transitional.dtd">
<html xmlns="http://www.w3.org/1999/xhtml" xml:lang="en" lang="en">
 <head>
  <title>
</title>
<meta http-equiv="Content-Type" content="text/html;charset=utf-8" />
  <meta name='ocr-system' content='tesseract 3.04.00' />
  <meta name='ocr-capabilities' content='ocr_page ocr_carea ocr_par ocr_line ocrx_word'/>
</head>
<body>
  <div class='ocr_page' id='page_1' title='image "./leoperedigalile01vivigoog_0479.png"; bbox 0 0 4109 5934; ppageno 0'>
   <div class='ocr_carea' id='block_1_1' title="bbox 440 715 1184 782">
    <p class='ocr_par' dir='ltr' id='par_1_1' title="bbox 440 715 1184 782">
     <span class='ocr_line' id='line_1_1' title="bbox 440 715 1184 782; baseline -0.004 0"><span class='ocrx_word' id='word_1_1' title='bbox 440 715 507 782; x_wconf 75' lang='lat'><strong><em>432</em></strong></span> <span class='ocrx_word' id='word_1_2' title='bbox 826 732 1025 779; x_wconf 75' lang='lat' dir='ltr'><strong><em>utssunrnrru</em></strong></span> <span class='ocrx_word' id='word_1_3' title='bbox 1049 733 1184 781; x_wconf 76' lang='lat' dir='ltr'><strong><em>anenata</em></strong></span> 
     </span>
    </p>
   </div>
   <div class='ocr_carea' id='block_1_2' title="bbox 356 861 1579 4837">
    <p class='ocr_par' dir='ltr' id='par_1_2' title="bbox 394 861 1578 1535">
     <span class='ocr_line' id='line_1_2' title="bbox 441 861 1578 945; baseline 0.002 -17"><span class='ocrx_word' id='word_1_4' title='bbox 441 873 476 928; x_wconf 88' lang='lat' dir='ltr'><strong><em>ut</em></strong></span> <span class='ocrx_word' id='word_1_5' title='bbox 498 861 540 927; x_wconf 94' lang='lat' dir='ltr'><strong><em>ad</em></strong></span> <span class='ocrx_word' id='word_1_6' title='bbox 561 864 646 927; x_wconf 88' lang='lat' dir='ltr'><strong><em>illam</em></strong></span> <span class='ocrx_word' id='word_1_7' title='bbox 668 863 917 928; x_wconf 74' lang='lat' dir='ltr'><strong><em>convolutionem</em></strong></span> <span class='ocrx_word' id='word_1_8' title='bbox 939 865 1064 944; x_wconf 73' lang='lat' dir='ltr'><strong><em>oyratio</em></strong></span> <span class='ocrx_word' id='word_1_9' title='bbox 1086 863 1143 928; x_wconf 90' lang='lat' dir='ltr'><strong><em>illa</em></strong></span> <span class='ocrx_word' id='word_1_10' title='bbox 1166 872 1305 945; x_wconf 82' lang='lat' dir='ltr'><strong><em>quatuor</em></strong></span> <span class='ocrx_word' id='word_1_11' title='bbox 1332 863 1504 930; x_wconf 80' lang='lat' dir='ltr'><strong><em>Lunarum</em></strong></span> <span class='ocrx_word' id='word_1_12' title='bbox 1527 883 1578 929; x_wconf 79' lang='lat' dir='ltr'><strong><em>te·</em></strong></span> 
     </span>
     <span class='ocr_line' id='line_1_3' title="bbox 440 979 1577 1063; baseline 0.004 -19"><span class='ocrx_word' id='word_1_13' title='bbox 440 988 582 1063; x_wconf 84' lang='lat' dir='ltr'><strong><em>quatur,</em></strong></span> <span class='ocrx_word' id='word_1_14' title='bbox 616 982 665 1045; x_wconf 90' lang='lat' dir='ltr'><strong><em>uti</em></strong></span> <span class='ocrx_word' id='word_1_15' title='bbox 697 979 739 1043; x_wconf 90' lang='lat' dir='ltr'><strong><em>ad</em></strong></span> <span class='ocrx_word' id='word_1_16' title='bbox 765 989 891 1045; x_wconf 73' lang='lat' dir='ltr'><strong><em>nostrae</em></strong></span> <span class='ocrx_word' id='word_1_17' title='bbox 929 979 1064 1044; x_wconf 82' lang='lat' dir='ltr'><strong><em>Tellurir</em></strong></span> <span class='ocrx_word' id='word_1_18' title='bbox 1090 983 1290 1063; x_wconf 71' lang='lat' dir='ltr'><strong><em>curationem</em></strong></span> <span class='ocrx_word' id='word_1_19' title='bbox 1313 990 1441 1048; x_wconf 87' lang='lat' dir='ltr'><strong><em>nattrae</em></strong></span> <span class='ocrx_word' id='word_1_20' title='bbox 1465 982 1577 1050; x_wconf 79' lang='lat' dir='ltr'><strong><em>Lunae</em></strong></span> 
     </span>
     <span class='ocr_line' id='line_1_4' title="bbox 441 1095 1577 1182; baseline 0.004 -21"><span class='ocrx_word' id='word_1_21' title='bbox 441 1097 600 1163; x_wconf 79' lang='lat' dir='ltr'><strong><em>muuertio</em></strong></span> <span class='ocrx_word' id='word_1_22' title='bbox 620 1097 656 1160; x_wconf 93' lang='lat' dir='ltr'><strong><em>in</em></strong></span> <span class='ocrx_word' id='word_1_23' title='bbox 678 1095 808 1160; x_wconf 73' lang='lat' dir='ltr'><strong><em>eandm</em></strong></span> <span class='ocrx_word' id='word_1_24' title='bbox 829 1097 956 1178; x_wconf 74' lang='lat' dir='ltr'><strong><em>plaoam</em></strong></span> <span class='ocrx_word' id='word_1_25' title='bbox 978 1099 1146 1180; x_wconf 74' lang='lat' dir='ltr'><strong><em>requitur:</em></strong></span> <span class='ocrx_word' id='word_1_26' title='bbox 1175 1097 1314 1182; x_wconf 77' lang='lat' dir='ltr'><strong><em>adeoquo</em></strong></span> <span class='ocrx_word' id='word_1_27' title='bbox 1337 1117 1426 1165; x_wconf 87' lang='lat' dir='ltr'><strong><em>nunc</em></strong></span> <span class='ocrx_word' id='word_1_28' title='bbox 1451 1101 1577 1166; x_wconf 61' lang='lat' dir='ltr'><strong><em>&amp;munt</em></strong></span> 
     </span>
     <span class='ocr_line' id='line_1_5' title="bbox 394 1212 1578 1310; baseline 0.006 -33"><span class='ocrx_word' id='word_1_29' title='bbox 394 1305 396 1310; x_wconf 19' lang='grc' dir='ltr'>Ι</span> <span class='ocrx_word' id='word_1_30' title='bbox 441 1212 613 1279; x_wconf 84' lang='lat' dir='ltr'><strong><em>recredere</em></strong></span> <span class='ocrx_word' id='word_1_31' title='bbox 634 1215 814 1280; x_wconf 76' lang='lat' dir='ltr'><strong><em>rationibus</em></strong></span> <span class='ocrx_word' id='word_1_32' title='bbox 837 1216 1035 1296; x_wconf 69' lang='lat' dir='ltr'><strong><em>monnellus,</em></strong></span> <span class='ocrx_word' id='word_1_33' title='bbox 1059 1215 1173 1298; x_wconf 80' lang='lat' dir='ltr'><strong><em>quibua</em></strong></span> <span class='ocrx_word' id='word_1_34' title='bbox 1197 1217 1232 1279; x_wconf 90' lang='lat' dir='ltr'><strong><em>in</em></strong></span> <span class='ocrx_word' id='word_1_35' title='bbox 1255 1233 1377 1298; x_wconf 79' lang='lat' dir='ltr'><strong><em>nrepcro</em></strong></span> <span class='ocrx_word' id='word_1_36' title='bbox 1394 1235 1464 1282; x_wconf 90' lang='lat' dir='ltr'><strong><em>meo</em></strong></span> <span class='ocrx_word' id='word_1_37' title='bbox 1474 1219 1578 1300; x_wconf 79' lang='lat' dir='ltr'><strong><em>plici·</em></strong></span> 
     </span>
     <span class='ocr_line' id='line_1_6' title="bbox 441 1330 1577 1418; baseline 0.003 -23"><span class='ocrx_word' id='word_1_38' title='bbox 441 1350 496 1396; x_wconf 88' lang='lat' dir='ltr'><strong><em>cae</em></strong></span> <span class='ocrx_word' id='word_1_39' title='bbox 516 1331 653 1397; x_wconf 84' lang='lat' dir='ltr'><strong><em>coeleclit</em></strong></span> <span class='ocrx_word' id='word_1_40' title='bbox 676 1333 918 1406; x_wconf 73' lang='lat' dir='ltr'><strong><em>commentario·</em></strong></span> <span class='ocrx_word' id='word_1_41' title='bbox 934 1333 1093 1398; x_wconf 86' lang='lat' dir='ltr'><strong><em>relatione</em></strong></span> <span class='ocrx_word' id='word_1_42' title='bbox 1111 1330 1194 1397; x_wconf 80' lang='lat' dir='ltr'><strong><em>Solia</em></strong></span> <span class='ocrx_word' id='word_1_43' title='bbox 1212 1335 1300 1398; x_wconf 89' lang='lat' dir='ltr'><strong><em>circa</em></strong></span> <span class='ocrx_word' id='word_1_44' title='bbox 1322 1352 1419 1398; x_wconf 77' lang='lat' dir='ltr'><strong><em>anem</em></strong></span> <span class='ocrx_word' id='word_1_45' title='bbox 1443 1345 1473 1398; x_wconf 93' lang='lat' dir='ltr'><strong><em>et</em></strong></span> <span class='ocrx_word' id='word_1_46' title='bbox 1493 1337 1577 1418; x_wconf 73' lang='lat' dir='ltr'><strong><em>polos</em></strong></span> 
     </span>
     <span class='ocr_line' id='line_1_7' title="bbox 443 1452 1340 1535; baseline 0.001 -20"><span class='ocrx_word' id='word_1_47' title='bbox 443 1452 590 1529; x_wconf 79' lang='lat' dir='ltr'><strong><em>corporis,</em></strong></span> <span class='ocrx_word' id='word_1_48' title='bbox 614 1468 726 1518; x_wconf 79' lang='lat' dir='ltr'><strong><em>cautas</em></strong></span> <span class='ocrx_word' id='word_1_49' title='bbox 750 1460 894 1516; x_wconf 86' lang='lat' dir='ltr'><strong><em>motuum</em></strong></span> <span class='ocrx_word' id='word_1_50' title='bbox 914 1452 1167 1533; x_wconf 73' lang='lat' dir='ltr'><strong><em>planetariorum</em></strong></span> <span class='ocrx_word' id='word_1_51' title='bbox 1189 1453 1340 1535; x_wconf 64' lang='lat' dir='ltr'><strong><em>medici.</em></strong></span> 
     </span>
    </p>

    <p class='ocr_par' dir='ltr' id='par_1_3' title="bbox 443 1566 1579 2104">
     <span class='ocr_line' id='line_1_8' title="bbox 531 1566 1577 1654; baseline 0.003 -21"><span class='ocrx_word' id='word_1_52' title='bbox 531 1566 690 1633; x_wconf 77' lang='lat' dir='ltr'><strong><em>Nimirum</em></strong></span> <span class='ocrx_word' id='word_1_53' title='bbox 713 1567 777 1652; x_wconf 90' lang='lat' dir='ltr'><strong><em>(ut</em></strong></span> <span class='ocrx_word' id='word_1_54' title='bbox 801 1577 838 1632; x_wconf 93' lang='lat' dir='ltr'><strong><em>lu</em></strong></span> <span class='ocrx_word' id='word_1_55' title='bbox 861 1566 998 1634; x_wconf 79' lang='lat' dir='ltr'><strong><em>Galilaea</em></strong></span> <span class='ocrx_word' id='word_1_56' title='bbox 1017 1568 1149 1650; x_wconf 80' lang='lat' dir='ltr'><strong><em>pnlclre</em></strong></span> <span class='ocrx_word' id='word_1_57' title='bbox 1164 1569 1293 1654; x_wconf 73' lang='lat' dir='ltr'><strong><em>insert)</em></strong></span> <span class='ocrx_word' id='word_1_58' title='bbox 1316 1573 1346 1634; x_wconf 84' lang='lat' dir='ltr'><strong><em>ti</em></strong></span> <span class='ocrx_word' id='word_1_59' title='bbox 1366 1571 1479 1636; x_wconf 76' lang='lat' dir='ltr'><strong><em>Iouem</em></strong></span> <span class='ocrx_word' id='word_1_60' title='bbox 1503 1591 1577 1636; x_wconf 91' lang='lat' dir='ltr'><strong><em>cur·</em></strong></span> 
     </span>
     <span class='ocr_line' id='line_1_9' title="bbox 444 1659 1578 1769; baseline 0.001 -18"><span class='ocrx_word' id='word_1_61' title='bbox 444 1685 545 1752; x_wconf 90' lang='lat' dir='ltr'><strong><em>riculo</em></strong></span> <span class='ocrx_word' id='word_1_62' title='bbox 562 1686 724 1758; x_wconf 73' lang='lat' dir='ltr'><strong><em>duodecim</em></strong></span> <span class='ocrx_word' id='word_1_63' title='bbox 747 1659 907 1751; x_wconf 86' lang='lat' dir='ltr'><strong><em>annorum</em></strong></span> <span class='ocrx_word' id='word_1_64' title='bbox 921 1695 1110 1769; x_wconf 80' lang='lat' dir='ltr'><strong><em>occupatum</em></strong></span> <span class='ocrx_word' id='word_1_65' title='bbox 1127 1695 1269 1769; x_wconf 79' lang='lat' dir='ltr'><strong><em>quatuor</em></strong></span> <span class='ocrx_word' id='word_1_66' title='bbox 1285 1685 1493 1752; x_wconf 71' lang='lat' dir='ltr'><strong><em>circulatores</em></strong></span> <span class='ocrx_word' id='word_1_67' title='bbox 1507 1697 1578 1752; x_wconf 86' lang='lat' dir='ltr'><strong><em>ante</em></strong></span> 
     </span>
     <span class='ocr_line' id='line_1_10' title="bbox 443 1802 1578 1887; baseline 0.002 -19"><span class='ocrx_word' id='word_1_68' title='bbox 443 1823 522 1887; x_wconf 81' lang='lat' dir='ltr'><strong><em>pone</em></strong></span> <span class='ocrx_word' id='word_1_69' title='bbox 548 1804 703 1884; x_wconf 75' lang='lat' dir='ltr'><strong><em>einount,</em></strong></span> <span class='ocrx_word' id='word_1_70' title='bbox 731 1803 807 1885; x_wconf 84' lang='lat' dir='ltr'><strong><em>quid</em></strong></span> <span class='ocrx_word' id='word_1_71' title='bbox 832 1803 966 1869; x_wconf 80' lang='lat' dir='ltr'><strong><em>aleardi</em></strong></span> <span class='ocrx_word' id='word_1_72' title='bbox 992 1803 1075 1869; x_wconf 74' lang='lat' dir='ltr'><strong><em>dicit</em></strong></span> <span class='ocrx_word' id='word_1_73' title='bbox 1105 1802 1316 1887; x_wconf 74' lang='lat' dir='ltr'><strong><em>Copnnicur,</em></strong></span> <span class='ocrx_word' id='word_1_74' title='bbox 1342 1803 1484 1882; x_wconf 82' lang='lat' dir='ltr'><strong><em>Telluri,</em></strong></span> <span class='ocrx_word' id='word_1_75' title='bbox 1506 1806 1578 1870; x_wconf 83' lang='lat' dir='ltr'><strong><em>dum</em></strong></span> 
     </span>
     <span class='ocr_line' id='line_1_11' title="bbox 445 1921 1579 2012; baseline 0.002 -26"><span class='ocrx_word' id='word_1_76' title='bbox 445 1941 555 2012; x_wconf 82' lang='lat' dir='ltr'><strong><em>annuo</em></strong></span> <span class='ocrx_word' id='word_1_77' title='bbox 589 1932 678 1987; x_wconf 91' lang='lat' dir='ltr'><strong><em>motu</em></strong></span> <span class='ocrx_word' id='word_1_78' title='bbox 710 1924 812 1999; x_wconf 86' lang='lat' dir='ltr'><strong><em>redit,</em></strong></span> <span class='ocrx_word' id='word_1_79' title='bbox 848 1942 948 1988; x_wconf 90' lang='lat' dir='ltr'><strong><em>unam</em></strong></span> <span class='ocrx_word' id='word_1_80' title='bbox 982 1921 1108 1989; x_wconf 82' lang='lat' dir='ltr'><strong><em>Lunam</em></strong></span> <span class='ocrx_word' id='word_1_81' title='bbox 1141 1923 1249 1989; x_wconf 86' lang='lat' dir='ltr'><strong><em>cadem</em></strong></span> <span class='ocrx_word' id='word_1_82' title='bbox 1280 1925 1406 1990; x_wconf 89' lang='lat' dir='ltr'><strong><em>ratione</em></strong></span> <span class='ocrx_word' id='word_1_83' title='bbox 1427 1925 1579 1990; x_wconf 70' lang='lat' dir='ltr'><strong><em>adhaere·</em></strong></span> 
     </span>
     <span class='ocr_line' id='line_1_12' title="bbox 444 2040 550 2104; baseline -0.009 -1"><span class='ocrx_word' id='word_1_84' title='bbox 444 2040 550 2104; x_wconf 79' lang='lat' dir='ltr'><strong><em>rcere?</em></strong></span> 
     </span>
    </p>

    <p class='ocr_par' dir='ltr' id='par_1_4' title="bbox 443 2155 1579 2834">
     <span class='ocr_line' id='line_1_13' title="bbox 536 2155 1575 2242; baseline 0.001 -18"><span class='ocrx_word' id='word_1_85' title='bbox 536 2155 622 2235; x_wconf 82' lang='lat' dir='ltr'><strong><em>Quid</em></strong></span> <span class='ocrx_word' id='word_1_86' title='bbox 642 2160 763 2240; x_wconf 79' lang='lat' dir='ltr'><strong><em>ioilnr,</em></strong></span> <span class='ocrx_word' id='word_1_87' title='bbox 785 2161 930 2242; x_wconf 72' lang='lat' dir='ltr'><strong><em>inquiete</em></strong></span> <span class='ocrx_word' id='word_1_88' title='bbox 962 2162 990 2223; x_wconf 85' lang='lat' dir='ltr'><strong><em>ei</em></strong></span> <span class='ocrx_word' id='word_1_89' title='bbox 1016 2170 1091 2224; x_wconf 83' lang='lat' dir='ltr'><strong><em>tunt</em></strong></span> <span class='ocrx_word' id='word_1_90' title='bbox 1114 2163 1149 2224; x_wconf 88' lang='lat' dir='ltr'><strong><em>in</em></strong></span> <span class='ocrx_word' id='word_1_91' title='bbox 1171 2159 1253 2225; x_wconf 89' lang='lat' dir='ltr'><strong><em>coelo</em></strong></span> <span class='ocrx_word' id='word_1_92' title='bbox 1275 2159 1359 2242; x_wconf 74' lang='lat' dir='ltr'><strong><em>alodi</em></strong></span> <span class='ocrx_word' id='word_1_93' title='bbox 1379 2159 1489 2224; x_wconf 69' lang='lat' dir='ltr'><strong><em>rimiae</em></strong></span> <span class='ocrx_word' id='word_1_94' title='bbox 1513 2178 1575 2225; x_wconf 89' lang='lat' dir='ltr'><strong><em>no·</em></strong></span> 
     </span>
     <span class='ocr_line' id='line_1_14' title="bbox 444 2275 1576 2359; baseline 0.001 -20"><span class='ocrx_word' id='word_1_95' title='bbox 444 2287 529 2342; x_wconf 75' lang='lat' dir='ltr'><strong><em>atrae</em></strong></span> <span class='ocrx_word' id='word_1_96' title='bbox 555 2275 707 2353; x_wconf 72' lang='lat' dir='ltr'><strong><em>toltum,</em></strong></span> <span class='ocrx_word' id='word_1_97' title='bbox 730 2295 812 2342; x_wconf 90' lang='lat' dir='ltr'><strong><em>anne</em></strong></span> <span class='ocrx_word' id='word_1_98' title='bbox 844 2279 942 2359; x_wconf 75' lang='lat' dir='ltr'><strong><em>iqilur</em></strong></span> <span class='ocrx_word' id='word_1_99' title='bbox 971 2295 1044 2342; x_wconf 89' lang='lat' dir='ltr'><strong><em>cum</em></strong></span> <span class='ocrx_word' id='word_1_100' title='bbox 1072 2275 1133 2340; x_wconf 83' lang='lat' dir='ltr'><strong><em>illie</em></strong></span> <span class='ocrx_word' id='word_1_101' title='bbox 1165 2279 1200 2339; x_wconf 92' lang='lat' dir='ltr'><strong><em>in</em></strong></span> <span class='ocrx_word' id='word_1_102' title='bbox 1229 2284 1389 2341; x_wconf 80' lang='lat' dir='ltr'><strong><em>certamen</em></strong></span> <span class='ocrx_word' id='word_1_103' title='bbox 1411 2275 1576 2353; x_wconf 80' lang='lat' dir='ltr'><strong><em>metimur,</em></strong></span> 
     </span>
     <span class='ocr_line' id='line_1_15' title="bbox 445 2394 1579 2480; baseline -0.001 -19"><span class='ocrx_word' id='word_1_104' title='bbox 445 2398 511 2461; x_wconf 88' lang='lat' dir='ltr'><strong><em>utri</em></strong></span> <span class='ocrx_word' id='word_1_105' title='bbox 532 2399 688 2463; x_wconf 90' lang='lat' dir='ltr'><strong><em>meliorem</em></strong></span> <span class='ocrx_word' id='word_1_106' title='bbox 711 2396 821 2463; x_wconf 90' lang='lat' dir='ltr'><strong><em>mundi</em></strong></span> <span class='ocrx_word' id='word_1_107' title='bbox 838 2399 968 2480; x_wconf 69' lang='lat' dir='ltr'><strong><em>planam</em></strong></span> <span class='ocrx_word' id='word_1_108' title='bbox 990 2395 1138 2463; x_wconf 83' lang='lat' dir='ltr'><strong><em>teneant?</em></strong></span> <span class='ocrx_word' id='word_1_109' title='bbox 1159 2394 1244 2461; x_wconf 88' lang='lat' dir='ltr'><strong><em>Nam</em></strong></span> <span class='ocrx_word' id='word_1_110' title='bbox 1266 2397 1295 2459; x_wconf 84' lang='lat' dir='ltr'><strong><em>ti</em></strong></span> <span class='ocrx_word' id='word_1_111' title='bbox 1317 2395 1487 2461; x_wconf 82' lang='lat' dir='ltr'><strong><em>nobilioeet</em></strong></span> <span class='ocrx_word' id='word_1_112' title='bbox 1511 2395 1579 2460; x_wconf 88' lang='lat' dir='ltr'><strong><em>illo-</em></strong></span> 
     </span>
     <span class='ocr_line' id='line_1_16' title="bbox 443 2513 1579 2597; baseline -0.001 -17"><span class='ocrx_word' id='word_1_113' title='bbox 443 2534 517 2580; x_wconf 92' lang='lat' dir='ltr'><strong><em>rum</em></strong></span> <span class='ocrx_word' id='word_1_114' title='bbox 539 2517 634 2597; x_wconf 72' lang='lat' dir='ltr'><strong><em>alell,</em></strong></span> <span class='ocrx_word' id='word_1_115' title='bbox 657 2533 723 2581; x_wconf 91' lang='lat' dir='ltr'><strong><em>non</em></strong></span> <span class='ocrx_word' id='word_1_116' title='bbox 747 2534 857 2582; x_wconf 83' lang='lat' dir='ltr'><strong><em>camur</em></strong></span> <span class='ocrx_word' id='word_1_117' title='bbox 880 2533 937 2581; x_wconf 83' lang='lat' dir='ltr'><strong><em>nor</em></strong></span> <span class='ocrx_word' id='word_1_118' title='bbox 958 2524 1186 2581; x_wconf 86' lang='lat' dir='ltr'><strong><em>creaturarum</em></strong></span> <span class='ocrx_word' id='word_1_119' title='bbox 1211 2513 1426 2580; x_wconf 75' lang='lat' dir='ltr'><strong><em>rationalium</em></strong></span> <span class='ocrx_word' id='word_1_120' title='bbox 1448 2514 1579 2579; x_wconf 82' lang='lat' dir='ltr'><strong><em>malilit-</em></strong></span> 
     </span>
     <span class='ocr_line' id='line_1_17' title="bbox 444 2630 1579 2717; baseline 0.001 -20"><span class='ocrx_word' id='word_1_121' title='bbox 444 2636 551 2700; x_wconf 80' lang='lat' dir='ltr'><strong><em>cintae.</em></strong></span> <span class='ocrx_word' id='word_1_122' title='bbox 577 2631 738 2711; x_wconf 83' lang='lat' dir='ltr'><strong><em>Quomodo</em></strong></span> <span class='ocrx_word' id='word_1_123' title='bbox 759 2636 860 2716; x_wconf 69' lang='lat' dir='ltr'><strong><em>icitur</em></strong></span> <span class='ocrx_word' id='word_1_124' title='bbox 881 2636 989 2701; x_wconf 91' lang='lat' dir='ltr'><strong><em>omnia</em></strong></span> <span class='ocrx_word' id='word_1_125' title='bbox 1005 2643 1135 2717; x_wconf 79' lang='lat' dir='ltr'><strong><em>propter</em></strong></span> <span class='ocrx_word' id='word_1_126' title='bbox 1148 2631 1323 2700; x_wconf 78' lang='lat' dir='ltr'><strong><em>nominem?</em></strong></span> <span class='ocrx_word' id='word_1_127' title='bbox 1344 2630 1511 2709; x_wconf 82' lang='lat' dir='ltr'><strong><em>Quomodo</em></strong></span> <span class='ocrx_word' id='word_1_128' title='bbox 1523 2650 1579 2698; x_wconf 80' lang='lat' dir='ltr'><strong><em>nor</em></strong></span> 
     </span>
     <span class='ocr_line' id='line_1_18' title="bbox 446 2750 817 2834; baseline -0.005 -17"><span class='ocrx_word' id='word_1_129' title='bbox 446 2752 563 2817; x_wconf 80' lang='lat' dir='ltr'><strong><em>domim</em></strong></span> <span class='ocrx_word' id='word_1_130' title='bbox 583 2770 712 2834; x_wconf 83' lang='lat' dir='ltr'><strong><em>operum</em></strong></span> <span class='ocrx_word' id='word_1_131' title='bbox 736 2750 817 2817; x_wconf 81' lang='lat' dir='ltr'><strong><em>Dei?</em></strong></span> 
     </span>
    </p>

    <p class='ocr_par' dir='ltr' id='par_1_5' title="bbox 356 2869 1578 3292">
     <span class='ocr_line' id='line_1_19' title="bbox 535 2869 1577 2965; baseline 0.001 -32"><span class='ocrx_word' id='word_1_132' title='bbox 535 2869 664 2952; x_wconf 71' lang='lat' dir='ltr'><strong><em>Difficile</em></strong></span> <span class='ocrx_word' id='word_1_133' title='bbox 687 2870 870 2965; x_wconf 36' lang='lat' dir='ltr'><strong><em>rrt‘nodum</em></strong></span> <span class='ocrx_word' id='word_1_134' title='bbox 895 2873 977 2935; x_wconf 88' lang='lat' dir='ltr'><strong><em>ltunc</em></strong></span> <span class='ocrx_word' id='word_1_135' title='bbox 1000 2871 1155 2954; x_wconf 63' lang='lat' dir='ltr'><strong><em>emollire,</em></strong></span> <span class='ocrx_word' id='word_1_136' title='bbox 1177 2888 1213 2936; x_wconf 91' lang='lat' dir='ltr'><strong><em>eo</em></strong></span> <span class='ocrx_word' id='word_1_137' title='bbox 1235 2869 1319 2954; x_wconf 80' lang='lat' dir='ltr'><strong><em>quod</em></strong></span> <span class='ocrx_word' id='word_1_138' title='bbox 1340 2870 1487 2936; x_wconf 70' lang='lat' dir='ltr'><strong><em>nondun</em></strong></span> <span class='ocrx_word' id='word_1_139' title='bbox 1509 2887 1577 2934; x_wconf 79' lang='lat' dir='ltr'><strong><em>on·</em></strong></span> 
     </span>
     <span class='ocr_line' id='line_1_20' title="bbox 356 2987 1578 3073; baseline -0.002 -20"><span class='ocrx_word' id='word_1_140' title='bbox 356 3060 358 3065; x_wconf 86' lang='lat'>.</span> <span class='ocrx_word' id='word_1_141' title='bbox 445 2992 523 3068; x_wconf 88' lang='lat' dir='ltr'><strong><em>nia,</em></strong></span> <span class='ocrx_word' id='word_1_142' title='bbox 546 3007 626 3073; x_wconf 81' lang='lat' dir='ltr'><strong><em>quoe</em></strong></span> <span class='ocrx_word' id='word_1_143' title='bbox 648 2991 710 3054; x_wconf 81' lang='lat' dir='ltr'><strong><em>luc</em></strong></span> <span class='ocrx_word' id='word_1_144' title='bbox 727 2989 911 3071; x_wconf 79' lang='lat' dir='ltr'><strong><em>pertinent,</em></strong></span> <span class='ocrx_word' id='word_1_145' title='bbox 945 2989 1112 3070; x_wconf 74' lang='lat' dir='ltr'><strong><em>conlocata</em></strong></span> <span class='ocrx_word' id='word_1_146' title='bbox 1138 2987 1578 3063; x_wconf 64' lang='lat' dir='ltr'><strong><em>monumemtum</em></strong></span> 
     </span>
     <span class='ocr_line' id='line_1_21' title="bbox 444 3105 1574 3191; baseline -0.004 -17"><span class='ocrx_word' id='word_1_147' title='bbox 444 3116 552 3175; x_wconf 89' lang='lat' dir='ltr'><strong><em>notam</em></strong></span> <span class='ocrx_word' id='word_1_148' title='bbox 584 3109 641 3173; x_wconf 78' lang='lat' dir='ltr'><strong><em>uic</em></strong></span> <span class='ocrx_word' id='word_1_149' title='bbox 675 3107 838 3191; x_wconf 70' lang='lat' dir='ltr'><strong><em>effuoilurl</em></strong></span> <span class='ocrx_word' id='word_1_150' title='bbox 863 3109 984 3181; x_wconf 78' lang='lat' dir='ltr'><strong><em>timue.</em></strong></span> <span class='ocrx_word' id='word_1_151' title='bbox 1007 3108 1108 3173; x_wconf 90' lang='lat' dir='ltr'><strong><em>multa</em></strong></span> <span class='ocrx_word' id='word_1_152' title='bbox 1129 3107 1166 3172; x_wconf 87' lang='lat' dir='ltr'><strong><em>de</em></strong></span> <span class='ocrx_word' id='word_1_153' title='bbox 1189 3109 1248 3172; x_wconf 84' lang='lat' dir='ltr'><strong><em>ltac</em></strong></span> <span class='ocrx_word' id='word_1_154' title='bbox 1270 3108 1451 3189; x_wconf 80' lang='lat' dir='ltr'><strong><em>quaettioru</em></strong></span> <span class='ocrx_word' id='word_1_155' title='bbox 1472 3105 1574 3169; x_wconf 83' lang='lat' dir='ltr'><strong><em>dicte·</em></strong></span> 
     </span>
     <span class='ocr_line' id='line_1_22' title="bbox 444 3227 1210 3292; baseline 0.001 -2"><span class='ocrx_word' id='word_1_156' title='bbox 444 3227 553 3292; x_wconf 87' lang='lat' dir='ltr'><strong><em>rcndo.</em></strong></span> <span class='ocrx_word' id='word_1_157' title='bbox 1207 3232 1210 3238; x_wconf 88' lang='grc'><strong>’</strong></span> 
     </span>
    </p>

    <p class='ocr_par' dir='ltr' id='par_1_6' title="bbox 411 3343 1577 4135">
     <span class='ocr_line' id='line_1_23' title="bbox 535 3343 1576 3428; baseline -0.005 -19"><span class='ocrx_word' id='word_1_158' title='bbox 535 3343 606 3409; x_wconf 85' lang='grc' dir='ltr'><strong><em>Νοπ</em></strong></span> <span class='ocrx_word' id='word_1_159' title='bbox 628 3346 758 3410; x_wconf 77' lang='lat' dir='ltr'><strong><em>reticebo</em></strong></span> <span class='ocrx_word' id='word_1_160' title='bbox 782 3355 895 3419; x_wconf 86' lang='lat' dir='ltr'><strong><em>lamen,</em></strong></span> <span class='ocrx_word' id='word_1_161' title='bbox 914 3365 994 3426; x_wconf 85' lang='lat' dir='ltr'><strong><em>quac</em></strong></span> <span class='ocrx_word' id='word_1_162' title='bbox 1012 3347 1091 3410; x_wconf 78' lang='lat' dir='ltr'><strong><em>milti</em></strong></span> <span class='ocrx_word' id='word_1_163' title='bbox 1104 3345 1313 3428; x_wconf 71' lang='lat' dir='ltr'><strong><em>philosophico</em></strong></span> <span class='ocrx_word' id='word_1_164' title='bbox 1336 3344 1512 3408; x_wconf 85' lang='lat' dir='ltr'><strong><em>uideantur</em></strong></span> <span class='ocrx_word' id='word_1_165' title='bbox 1526 3360 1576 3405; x_wconf 86' lang='lat' dir='ltr'><strong><em>ar·</em></strong></span> 
     </span>
     <span class='ocr_line' id='line_1_24' title="bbox 445 3461 1577 3545; baseline -0.005 -18"><span class='ocrx_word' id='word_1_166' title='bbox 445 3471 593 3542; x_wconf 67' lang='lat' dir='ltr'><strong><em>numento</em></strong></span> <span class='ocrx_word' id='word_1_167' title='bbox 615 3462 859 3545; x_wconf 70' lang='lat' dir='ltr'><strong><em>addecimare:</em></strong></span> <span class='ocrx_word' id='word_1_168' title='bbox 881 3465 995 3545; x_wconf 77' lang='lat' dir='ltr'><strong><em>quidus</em></strong></span> <span class='ocrx_word' id='word_1_169' title='bbox 1018 3465 1197 3527; x_wconf 79' lang='lat' dir='ltr'><strong><em>obtinentur</em></strong></span> <span class='ocrx_word' id='word_1_170' title='bbox 1225 3481 1290 3526; x_wconf 87' lang='lat' dir='ltr'><strong><em>non</em></strong></span> <span class='ocrx_word' id='word_1_171' title='bbox 1320 3470 1448 3525; x_wconf 88' lang='lat' dir='ltr'><strong><em>lantum</em></strong></span> <span class='ocrx_word' id='word_1_172' title='bbox 1473 3461 1509 3523; x_wconf 92' lang='lat' dir='ltr'><strong><em>in</em></strong></span> <span class='ocrx_word' id='word_1_173' title='bbox 1530 3479 1577 3540; x_wconf 78' lang='lat' dir='ltr'><strong><em>oe·</em></strong></span> 
     </span>
     <span class='ocr_line' id='line_1_25' title="bbox 445 3575 1571 3661; baseline 0 -22"><span class='ocrx_word' id='word_1_174' title='bbox 445 3595 529 3654; x_wconf 86' lang='lat' dir='ltr'><strong><em>nere,</em></strong></span> <span class='ocrx_word' id='word_1_175' title='bbox 551 3587 716 3661; x_wconf 82' lang='lat' dir='ltr'><strong><em>utsupra,</em></strong></span> <span class='ocrx_word' id='word_1_176' title='bbox 740 3581 795 3644; x_wconf 82' lang='lat' dir='ltr'><strong><em>loc</em></strong></span> <span class='ocrx_word' id='word_1_177' title='bbox 820 3575 965 3660; x_wconf 72' lang='lat' dir='ltr'><strong><em>Syrlema</em></strong></span> <span class='ocrx_word' id='word_1_178' title='bbox 985 3580 1187 3661; x_wconf 84' lang='lat' dir='ltr'><strong><em>planetarum</em></strong></span> <span class='ocrx_word' id='word_1_179' title='bbox 1210 3577 1259 3661; x_wconf 92' lang='lat' dir='ltr'><strong><em>(in</em></strong></span> <span class='ocrx_word' id='word_1_180' title='bbox 1281 3596 1420 3659; x_wconf 81' lang='lat' dir='ltr'><strong><em>quorum</em></strong></span> <span class='ocrx_word' id='word_1_181' title='bbox 1440 3596 1507 3643; x_wconf 88' lang='lat' dir='ltr'><strong><em>uno</em></strong></span> <span class='ocrx_word' id='word_1_182' title='bbox 1523 3593 1571 3639; x_wconf 87' lang='lat' dir='ltr'><strong><em>nor</em></strong></span> 
     </span>
     <span class='ocr_line' id='line_1_26' title="bbox 411 3678 1576 3781; baseline 0.004 -23"><span class='ocrx_word' id='word_1_183' title='bbox 411 3678 414 3685; x_wconf 46' lang='lat'><strong><em>¹</em></strong></span> <span class='ocrx_word' id='word_1_184' title='bbox 445 3697 583 3760; x_wconf 78' lang='lat' dir='ltr'><strong><em>nomines</em></strong></span> <span class='ocrx_word' id='word_1_185' title='bbox 604 3696 784 3781; x_wconf 80' lang='lat' dir='ltr'><strong><em>vertamur)</em></strong></span> <span class='ocrx_word' id='word_1_186' title='bbox 799 3697 834 3759; x_wconf 89' lang='lat' dir='ltr'><strong><em>in</em></strong></span> <span class='ocrx_word' id='word_1_187' title='bbox 851 3698 1019 3777; x_wconf 81' lang='lat' dir='ltr'><strong><em>praecipuo</em></strong></span> <span class='ocrx_word' id='word_1_188' title='bbox 1043 3696 1153 3759; x_wconf 89' lang='lat' dir='ltr'><strong><em>mundi</em></strong></span> <span class='ocrx_word' id='word_1_189' title='bbox 1167 3698 1254 3770; x_wconf 84' lang='lat' dir='ltr'><strong><em>timu,</em></strong></span> <span class='ocrx_word' id='word_1_190' title='bbox 1271 3696 1357 3759; x_wconf 83' lang='lat' dir='ltr'><strong><em>circa</em></strong></span> <span class='ocrx_word' id='word_1_191' title='bbox 1379 3713 1434 3759; x_wconf 89' lang='lat' dir='ltr'><strong><em>cor</em></strong></span> <span class='ocrx_word' id='word_1_192' title='bbox 1459 3693 1576 3764; x_wconf 61' lang='lat' dir='ltr'><strong><em>mundi</em></strong></span> 
     </span>
     <span class='ocr_line' id='line_1_27' title="bbox 447 3811 1576 3896; baseline -0.004 -18"><span class='ocrx_word' id='word_1_193' title='bbox 447 3811 549 3878; x_wconf 88' lang='lat' dir='ltr'><strong><em>Solem</em></strong></span> <span class='ocrx_word' id='word_1_194' title='bbox 573 3833 695 3896; x_wconf 82' lang='lat' dir='ltr'><strong><em>nempe,</em></strong></span> <span class='ocrx_word' id='word_1_195' title='bbox 722 3815 857 3888; x_wconf 81' lang='lat' dir='ltr'><strong><em>uersari,</em></strong></span> <span class='ocrx_word' id='word_1_196' title='bbox 881 3814 933 3877; x_wconf 82' lang='lat' dir='ltr'><strong><em>red</em></strong></span> <span class='ocrx_word' id='word_1_197' title='bbox 955 3815 1049 3877; x_wconf 90' lang='lat' dir='ltr'><strong><em>eliam</em></strong></span> <span class='ocrx_word' id='word_1_198' title='bbox 1072 3816 1106 3876; x_wconf 88' lang='lat' dir='ltr'><strong><em>in</em></strong></span> <span class='ocrx_word' id='word_1_199' title='bbox 1128 3814 1226 3895; x_wconf 75' lang='lat' dir='ltr'><strong><em>specie</em></strong></span> <span class='ocrx_word' id='word_1_200' title='bbox 1251 3831 1306 3877; x_wconf 83' lang='lat' dir='ltr'><strong><em>not</em></strong></span> <span class='ocrx_word' id='word_1_201' title='bbox 1331 3814 1474 3877; x_wconf 82' lang='lat' dir='ltr'><strong><em>nominet</em></strong></span> <span class='ocrx_word' id='word_1_202' title='bbox 1498 3815 1530 3874; x_wconf 88' lang='lat' dir='ltr'><strong><em>in</em></strong></span> <span class='ocrx_word' id='word_1_203' title='bbox 1547 3828 1576 3873; x_wconf 90' lang='lat' dir='ltr'><strong><em>eo</em></strong></span> 
     </span>
     <span class='ocr_line' id='line_1_28' title="bbox 447 3929 1577 4014; baseline -0.009 -16"><span class='ocrx_word' id='word_1_204' title='bbox 447 3934 534 4014; x_wconf 77' lang='lat' dir='ltr'><strong><em>olane</em></strong></span> <span class='ocrx_word' id='word_1_205' title='bbox 557 3934 686 4004; x_wconf 85' lang='lat' dir='ltr'><strong><em>certari,</em></strong></span> <span class='ocrx_word' id='word_1_206' title='bbox 711 3934 766 4014; x_wconf 78' lang='lat' dir='ltr'><strong><em>qui</em></strong></span> <span class='ocrx_word' id='word_1_207' title='bbox 788 3941 953 3996; x_wconf 88' lang='lat' dir='ltr'><strong><em>creaturae</em></strong></span> <span class='ocrx_word' id='word_1_208' title='bbox 987 3933 1138 3996; x_wconf 87' lang='lat' dir='ltr'><strong><em>rationali</em></strong></span> <span class='ocrx_word' id='word_1_209' title='bbox 1160 3931 1336 4012; x_wconf 71' lang='lat' dir='ltr'><strong><em>ummariae</em></strong></span> <span class='ocrx_word' id='word_1_210' title='bbox 1366 3938 1397 3992; x_wconf 92' lang='lat' dir='ltr'><strong><em>et</em></strong></span> <span class='ocrx_word' id='word_1_211' title='bbox 1422 3929 1577 3995; x_wconf 79' lang='lat' dir='ltr'><strong><em>nobilissi-</em></strong></span> 
     </span>
     <span class='ocr_line' id='line_1_29' title="bbox 447 4049 1061 4135; baseline -0.007 -19"><span class='ocrx_word' id='word_1_212' title='bbox 447 4071 517 4116; x_wconf 89' lang='lat' dir='ltr'><strong><em>moe</em></strong></span> <span class='ocrx_word' id='word_1_213' title='bbox 541 4050 594 4134; x_wconf 78' lang='lat' dir='ltr'><strong><em>(ee</em></strong></span> <span class='ocrx_word' id='word_1_214' title='bbox 616 4051 785 4135; x_wconf 68' lang='lat' dir='ltr'><strong><em>corporeis)</em></strong></span> <span class='ocrx_word' id='word_1_215' title='bbox 810 4049 902 4133; x_wconf 80' lang='lat' dir='ltr'><strong><em>piam</em></strong></span> <span class='ocrx_word' id='word_1_216' title='bbox 926 4051 1061 4114; x_wconf 87' lang='lat' dir='ltr'><strong><em>deletur.</em></strong></span> 
     </span>
    </p>

    <p class='ocr_par' dir='ltr' id='par_1_7' title="bbox 447 4167 1577 4726">
     <span class='ocr_line' id='line_1_30' title="bbox 534 4167 1574 4251; baseline -0.006 -19"><span class='ocrx_word' id='word_1_217' title='bbox 534 4168 658 4233; x_wconf 82' lang='lat' dir='ltr'><strong><em>Priorit</em></strong></span> <span class='ocrx_word' id='word_1_218' title='bbox 686 4171 834 4251; x_wconf 76' lang='lat' dir='ltr'><strong><em>affirmati</em></strong></span> <span class='ocrx_word' id='word_1_219' title='bbox 860 4171 897 4234; x_wconf 92' lang='lat' dir='ltr'><strong><em>de</em></strong></span> <span class='ocrx_word' id='word_1_220' title='bbox 923 4171 1033 4233; x_wconf 88' lang='lat' dir='ltr'><strong><em>intimo</em></strong></span> <span class='ocrx_word' id='word_1_221' title='bbox 1060 4170 1134 4232; x_wconf 85' lang='lat' dir='ltr'><strong><em>sinu</em></strong></span> <span class='ocrx_word' id='word_1_222' title='bbox 1163 4168 1274 4233; x_wconf 90' lang='lat' dir='ltr'><strong><em>mundi</em></strong></span> <span class='ocrx_word' id='word_1_223' title='bbox 1295 4167 1365 4231; x_wconf 86' lang='lat' dir='ltr'><strong><em>uide</em></strong></span> <span class='ocrx_word' id='word_1_224' title='bbox 1389 4175 1574 4248; x_wconf 77' lang='lat' dir='ltr'><strong><em>aroumenla</em></strong></span> 
     </span>
     <span class='ocr_line' id='line_1_31' title="bbox 447 4286 1575 4372; baseline -0.004 -21"><span class='ocrx_word' id='word_1_225' title='bbox 447 4307 546 4369; x_wconf 78' lang='lat' dir='ltr'><strong><em>cupra</em></strong></span> <span class='ocrx_word' id='word_1_226' title='bbox 568 4307 590 4352; x_wconf 93' lang='lat' dir='ltr'><strong><em>a</em></strong></span> <span class='ocrx_word' id='word_1_227' title='bbox 612 4289 809 4353; x_wconf 88' lang='lat' dir='ltr'><strong><em>mullitudine</em></strong></span> <span class='ocrx_word' id='word_1_228' title='bbox 831 4291 994 4372; x_wconf 69' lang='lat' dir='ltr'><strong><em>finarum,</em></strong></span> <span class='ocrx_word' id='word_1_229' title='bbox 1029 4306 1109 4370; x_wconf 83' lang='lat' dir='ltr'><strong><em>qnae</em></strong></span> <span class='ocrx_word' id='word_1_230' title='bbox 1142 4304 1200 4368; x_wconf 83' lang='lat' dir='ltr'><strong><em>pro</em></strong></span> <span class='ocrx_word' id='word_1_231' title='bbox 1236 4304 1327 4352; x_wconf 90' lang='lat' dir='ltr'><strong><em>muro</em></strong></span> <span class='ocrx_word' id='word_1_232' title='bbox 1361 4288 1448 4350; x_wconf 84' lang='lat' dir='ltr'><strong><em>leuno</em></strong></span> <span class='ocrx_word' id='word_1_233' title='bbox 1477 4286 1575 4348; x_wconf 77' lang='lat' dir='ltr'><strong><em>uinum</em></strong></span> 
     </span>
     <span class='ocr_line' id='line_1_32' title="bbox 447 4401 1575 4487; baseline -0.003 -18"><span class='ocrx_word' id='word_1_234' title='bbox 447 4417 529 4471; x_wconf 88' lang='lat' dir='ltr'><strong><em>certo</em></strong></span> <span class='ocrx_word' id='word_1_235' title='bbox 551 4406 691 4479; x_wconf 70' lang='lat' dir='ltr'><strong><em>collant:</em></strong></span> <span class='ocrx_word' id='word_1_236' title='bbox 713 4416 741 4470; x_wconf 93' lang='lat' dir='ltr'><strong><em>et</em></strong></span> <span class='ocrx_word' id='word_1_237' title='bbox 763 4425 784 4470; x_wconf 94' lang='lat' dir='ltr'><strong><em>a</em></strong></span> <span class='ocrx_word' id='word_1_238' title='bbox 803 4407 944 4470; x_wconf 89' lang='lat' dir='ltr'><strong><em>claritate</em></strong></span> <span class='ocrx_word' id='word_1_239' title='bbox 977 4408 1078 4471; x_wconf 84' lang='lat' dir='ltr'><strong><em>nortri</em></strong></span> <span class='ocrx_word' id='word_1_240' title='bbox 1112 4404 1194 4471; x_wconf 78' lang='lat' dir='ltr'><strong><em>Solio</em></strong></span> <span class='ocrx_word' id='word_1_241' title='bbox 1224 4423 1303 4487; x_wconf 82' lang='lat' dir='ltr'><strong><em>prae</em></strong></span> <span class='ocrx_word' id='word_1_242' title='bbox 1337 4406 1423 4487; x_wconf 69' lang='lat' dir='ltr'><strong><em>finit.</em></strong></span> <span class='ocrx_word' id='word_1_243' title='bbox 1458 4401 1575 4480; x_wconf 82' lang='lat' dir='ltr'><strong><em>Ouiiut</em></strong></span> 
     </span>
     <span class='ocr_line' id='line_1_33' title="bbox 448 4521 1577 4606; baseline -0.004 -18"><span class='ocrx_word' id='word_1_244' title='bbox 448 4525 525 4588; x_wconf 88' lang='lat' dir='ltr'><strong><em>adde</em></strong></span> <span class='ocrx_word' id='word_1_245' title='bbox 543 4527 598 4589; x_wconf 81' lang='lat' dir='ltr'><strong><em>leoc</em></strong></span> <span class='ocrx_word' id='word_1_246' title='bbox 616 4527 753 4599; x_wconf 83' lang='lat' dir='ltr'><strong><em>tertium,</em></strong></span> <span class='ocrx_word' id='word_1_247' title='bbox 772 4525 855 4606; x_wconf 83' lang='lat' dir='ltr'><strong><em>quod</em></strong></span> <span class='ocrx_word' id='word_1_248' title='bbox 872 4526 949 4588; x_wconf 79' lang='lat' dir='ltr'><strong><em>milti</em></strong></span> <span class='ocrx_word' id='word_1_249' title='bbox 964 4526 1046 4589; x_wconf 81' lang='lat' dir='ltr'><strong><em>nisce</em></strong></span> <span class='ocrx_word' id='word_1_250' title='bbox 1066 4524 1172 4588; x_wconf 76' lang='lat' dir='ltr'><strong><em>diebus</em></strong></span> <span class='ocrx_word' id='word_1_251' title='bbox 1186 4525 1338 4603; x_wconf 73' lang='lat' dir='ltr'><strong><em>occurerrit</em></strong></span> <span class='ocrx_word' id='word_1_252' title='bbox 1369 4521 1577 4591; x_wconf 67' lang='lat' dir='ltr'><strong><em>lieentum,</em></strong></span> 
     </span>
     <span class='ocr_line' id='line_1_34' title="bbox 448 4644 1012 4726; baseline -0.004 -21"><span class='ocrx_word' id='word_1_253' title='bbox 448 4645 630 4726; x_wconf 77' lang='lat' dir='ltr'><strong><em>elnneioque</em></strong></span> <span class='ocrx_word' id='word_1_254' title='bbox 651 4644 825 4710; x_wconf 82' lang='lat' dir='ltr'><strong><em>consentire</em></strong></span> <span class='ocrx_word' id='word_1_255' title='bbox 848 4644 933 4707; x_wconf 80' lang='lat' dir='ltr'><strong><em>uicus</em></strong></span> <span class='ocrx_word' id='word_1_256' title='bbox 957 4651 1012 4705; x_wconf 85' lang='lat' dir='ltr'><strong><em>erl.</em></strong></span> 
     </span>
    </p>

    <p class='ocr_par' dir='ltr' id='par_1_8' title="bbox 539 4756 1577 4837">
     <span class='ocr_line' id='line_1_35' title="bbox 539 4756 1577 4837; baseline -0.003 -13"><span class='ocrx_word' id='word_1_257' title='bbox 539 4760 713 4825; x_wconf 87' lang='lat' dir='ltr'><strong><em>Geomelrla</em></strong></span> <span class='ocrx_word' id='word_1_258' title='bbox 737 4781 802 4824; x_wconf 93' lang='lat' dir='ltr'><strong><em>una</em></strong></span> <span class='ocrx_word' id='word_1_259' title='bbox 826 4769 1092 4834; x_wconf 73' lang='lat' dir='ltr'><strong><em>cincinnum,</em></strong></span> <span class='ocrx_word' id='word_1_260' title='bbox 1127 4763 1161 4822; x_wconf 88' lang='lat' dir='ltr'><strong><em>in</em></strong></span> <span class='ocrx_word' id='word_1_261' title='bbox 1196 4768 1296 4824; x_wconf 74' lang='lat' dir='ltr'><strong><em>niente</em></strong></span> <span class='ocrx_word' id='word_1_262' title='bbox 1321 4756 1381 4822; x_wconf 87' lang='lat' dir='ltr'><strong><em>Dei</em></strong></span> <span class='ocrx_word' id='word_1_263' title='bbox 1404 4759 1577 4837; x_wconf 76' lang='lat' dir='ltr'><strong><em>resuloent:</em></strong></span> 
     </span>
    </p>
   </div>
   <div class='ocr_carea' id='block_1_3' title="bbox 0 0 2067 5934">
    <p class='ocr_par' dir='ltr' id='par_1_9' title="bbox 0 0 2067 5934">
     <span class='ocr_line' id='line_1_36' title="bbox 0 0 2067 5934; baseline 0 0"><span class='ocrx_word' id='word_1_264' title='bbox 0 0 2067 5934; x_wconf 95' lang='lat' dir='ltr'><strong><em> </em></strong></span> 
     </span>
    </p>
   </div>
  </div>
 </body>
</html>
