4109 5934
657 750 811 802 neronom
836 752 876 801 vv
900 750 1096 801 enterocelen
1121 750 1255 802 verene
1460 741 1522 808 631

387 888 500 969 ulique
522 886 580 950 tub
601 883 704 949 eodem
726 884 790 949 loeo
811 883 886 948 coeli
907 883 1006 947 videri
1026 899 1115 966 poue
1149 885 1299 967 opimat,
1323 894 1359 949 ut
1382 885 1522 958 noteme,

382 1004 525 1086 parelia,
548 1003 662 1076 iridet,
686 1004 768 1066 radii
791 1000 872 1068 Solio
895 1020 937 1068 em
960 1003 1097 1066 nubilae
1120 1020 1180 1085 per
1205 1019 1292 1067 mare
1315 1003 1523 1069 discurrentes

385 1123 498 1203 abiam
520 1120 612 1184 iidem
633 1121 792 1185 videntur.
817 1118 902 1185 Dicit
926 1121 1018 1185 etiam
1041 1120 1159 1202 {worn
1181 1130 1208 1184 et
1232 1120 1361 1185 dulcium
1380 1137 1444 1185 eree
1466 1138 1523 1186 or·

384 1248 569 1319 pumentum
592 1257 612 1303 a
635 1239 945 1319 multiplicationem
969 1240 1050 1302 tulvie
1074 1247 1244 1320 sumptum,
1262 1258 1317 1303 nec
1331 1257 1441 1303 verum
1460 1255 1523 1305 cete

261 1404 264 1409 -
384 1358 529 1430 obvolute,
553 1356 657 1421 vicina
678 1361 823 1432 muttum,
845 1366 963 1421 remoto
975 1374 1090 1440 parum
1109 1358 1321 1440 multiplicare.
1345 1357 1524 1423 Veuatllv·

383 1490 515 1538 manum
535 1475 803 1551 mathematicum,
827 1476 910 1558 quad
933 1475 1021 1539 illum
1035 1477 1178 1558 potuerit
1201 1476 1286 1540 circa
1302 1473 1419 1553 Solem,
1434 1475 1523 1542 ller-

383 1593 507 1654 carium
530 1601 558 1656 et
588 1591 757 1665 Venerem,
791 1612 863 1656 oum
897 1602 1002 1657 tamm
1026 1595 1111 1657 ultra
1134 1593 1178 1658 90
1200 1592 1383 1666 devenerit:
1405 1594 1460 1658 eed
1480 1613 1524 1660 on

384 1727 448 1772 non
471 1708 580 1781 More,
603 1709 728 1791 tupiter
754 1719 781 1772 et
811 1707 974 1774 Saturnus
997 1714 1092 1781 etiam
1116 1714 1151 1774 in
1177 1709 1322 1793 chltone
1344 1722 1523 1793 aanoecunt

383 1836 501 1889 terram
522 1845 579 1908 pro
603 1827 729 1893 centro?
754 1825 893 1891 Tandem
916 1828 988 1892 dicit
1013 1829 1170 1893 cometam
1193 1831 1364 1894 accendisse
1383 1832 1417 1894 in
1438 1831 1521 1895 linea

381 1954 466 2009 recta
488 1955 515 2008 ct
539 1946 685 2027 aequalia
707 1947 875 2028 conleciue
897 1949 1001 2028 epotia
1024 1949 1168 2024 tinentia,
1193 1949 1373 2031 relntatpne
1401 1948 1524 2031 Tpclv·

382 2081 451 2125 nem
476 2065 508 2125 in
533 2061 658 2128 Cometa
691 2068 770 2129 anni
808 2067 892 2130 1577
926 2075 1054 2148 propter
1078 2068 1210 2130 caudam
1233 2068 1275 2129 od
1306 2066 1449 2130 Venerem
1473 2067 1523 2132 di·

379 2191 503 2245 rectam.
530 2181 724 2247 curvitatem
740 2183 858 2248 caudae
872 2201 912 2247 eo
928 2184 1169 2264 refractianivue
1192 2185 1325 2248 deducit.
1352 2185 1520 2251 Praetereo

383 2298 460 2362 ninii
482 2301 554 2364 novi
577 2300 677 2364 nabet.

635 2549 777 2611 loannes
810 2548 971 2630 Kvpleras
1004 2549 1123 2615 loanni
1159 2551 1270 2618 Remo.

769 2673 869 2742 Mucii,
890 2676 906 2729 l
925 2675 1045 2746 Augusti
1065 2680 1142 2731 1619.

468 2890 610 2957 Primam
632 2912 672 2958 eo
695 2897 756 2958 tuit
779 2896 877 2962 literis
902 2899 1019 2980 occipio
1040 2899 1172 2979 lamam,
1189 2899 1305 2963 librum
1321 2916 1425 2966 meum
1448 2896 1516 2966 Ila-

377 3027 445 3074 mae
467 3020 495 3073 et
519 3010 699 3078 Florentiae
721 3031 784 3078 eree
803 3016 1022 3097 proltilitumc
1047 3034 1103 3100 nec
1129 3021 1207 3081 rotie
1233 3019 1342 3098 capio,
1365 3031 1456 3099 poem
1479 3027 1517 3083 tu

379 3129 493 3193 librum
516 3129 768 3211 capernicannm
793 3133 900 3206 dicae:
922 3152 1027 3198 omnen
1051 3123 1134 3199 enim
1165 3136 1225 3199 mei
1253 3144 1330 3199 eunt
1363 3133 1515 3218 Capernl-
1588 3210 1592 3218 ‚

376 3248 457 3321 cani,
480 3250 575 3312 etiam
594 3250 820 3331 epltemeridum
833 3253 1060 3333 prolepomena.
1075 3251 1272 3319 Harmonice
1290 3253 1414 3336 quidem
1431 3273 1515 3320 non·

377 3364 451 3428 dum
473 3374 549 3427 eunt
570 3365 653 3428 edita
669 3384 680 3438 ,·
699 3368 762 3430 nivi
784 3366 863 3446 sorte
892 3366 1057 3431 titulorum
1079 3369 1122 3431 ad
1144 3377 1171 3431 te
1194 3373 1358 3435 mistorum
1381 3370 1452 3437 lilri
1474 3373 1515 3448 V,

372 3503 457 3551 unat
479 3486 614 3552 Romam
635 3487 784 3570 perlatus,
807 3502 974 3549 ceneurom
991 3484 1151 3549 subiverit.
1175 3485 1325 3567 Suspicor
1346 3490 1454 3569 ipitur,
1477 3490 1523 3554 de>

375 3608 505 3687 epitoma
527 3605 738 3670 astronomiae
765 3599 999 3686 Capernicanoe
1033 3603 1088 3667 tili
1120 3619 1293 3666 termonem
1322 3622 1395 3668 ecee.
1430 3605 1514 3689 ejvs

375 3724 472 3805 ipitur
493 3741 595 3788 vnum
618 3722 794 3803 exemplum
809 3722 902 3787 XXX
921 3722 1083 3802 cruciferis
1098 3739 1119 3786 a
1135 3721 1264 3785 libraria
1278 3730 1414 3803 emptum
1430 3723 1512 3806 (Ar-

374 3844 531 3922 pentorati
550 3860 609 3923 pro
631 3840 750 3906 Lm
773 3840 935 3920 cruciferit
958 3840 1055 3927 venit)
1080 3839 1236 3922 Mapietro
1258 3858 1424 3905 curtorum
1445 3849 1513 3907 tra-

374 3960 467 4037 dam,
498 3960 650 4044 siquidem
682 3962 745 4042 ipre
777 3962 936 4025 sarcinam
959 3979 1023 4024 non
1047 3960 1270 4026 detrectaverit.
1296 3959 1360 4024 Aac
1386 3969 1413 4024 te
1436 3979 1509 4025 vero

375 4079 524 4160 malorem
545 4081 578 4142 in
600 4079 726 4144 modam
748 4089 817 4161 peto
840 4087 874 4142 ut
896 4079 1084 4162 descriptum
1109 4079 1184 4143 mini
1206 4080 1313 4143 mittat
1331 4078 1513 4158 [armotiam

372 4196 536 4260 verboram
559 4215 708 4261 oeneurae
730 4196 837 4261 illiue:
859 4207 889 4260 et
911 4206 946 4260 ut
969 4199 1133 4280 eipnificee,
1154 4215 1230 4261 num
1246 4216 1284 4261 ea
1299 4213 1433 4262 cenenra
1447 4216 1510 4262 au·

373 4316 443 4390 tori,
465 4317 491 4378 ei
513 4317 547 4379 in
571 4313 667 4379 ltalia
689 4314 980 4395 deprehenderetur,
999 4316 1111 4396 fraudi
1126 4325 1200 4379 estet
1218 4315 1332 4395 loturo
1344 4333 1356 4387 ,·
1378 4323 1407 4377 et
1430 4331 1508 4378 num

371 4432 530 4512 palinodia
552 4433 740 4515 deprehenso
763 4434 977 4514 imperaretur.
996 4431 1080 4498 Illud
1106 4435 1200 4498 etiam
1222 4434 1264 4499 ad
1287 4450 1334 4497 nte
1353 4433 1508 4514 pertinet,

372 4549 459 4622 scire,
481 4560 588 4613 utrum
610 4552 646 4631 in
669 4546 805 4614 Auetria
828 4551 912 4614 locm
927 4551 1024 4614 eidem
1040 4568 1194 4615 censurae
1208 4552 1250 4614 tit
1264 4551 1406 4631 laturae.
1425 4548 1507 4615 Nom

367 4666 422 4728 ltac
444 4668 471 4729 ti
493 4676 580 4738 creet,
603 4684 667 4729 non
691 4673 814 4729 tantum
836 4669 870 4729 in
894 4664 1027 4730 Auetria
1053 4668 1280 4748 tppaprapltum
1309 4666 1430 4730 nullum
1457 4668 1510 4730 in-

371 4785 508 4848 venirem
529 4787 678 4867 poetleoc,
701 4783 753 4847 red
774 4786 868 4849 etiam
890 4784 1101 4865 exemplaria,
1135 4802 1215 4866 puae
1250 4793 1422 4862 mercator,
1454 4786 1508 4869 pui
