4109 5934
495 755 560 820 626
919 765 1041 812 sosnnts
1065 764 1199 812 sarasar

494 901 560 963 sais
578 897 736 978 propriis·
758 912 812 957 nec
836 910 907 955 cnm
926 901 1061 958 coeteros
1072 894 1174 973 jacto
1191 901 1385 959 contemnere
1402 893 1503 970 nodet,
1520 896 1631 962 obser-

494 1018 632 1100 vationes
654 1032 762 1078 eornm
784 1032 804 1077 a
828 1013 913 1077 nodo
935 1029 1091 1076 consensa
1112 1031 1185 1077 cnm
1205 1014 1274 1076 snit
1301 1015 1413 1096 clepit,
1446 1015 1500 1079 ced
1518 1017 1627 1080 iisdem

493 1153 544 1199 eos
569 1134 650 1198 notis
673 1132 857 1205 aestimavit.
883 1131 996 1213 qnibns
1017 1147 1092 1194 snas
1110 1133 1256 1213 proprias
1278 1133 1503 1215 apromircais
1523 1144 1625 1198 coete-

493 1268 603 1316 rorum
625 1251 821 1313 distinxerat.
850 1246 972 1324 Onitae
995 1248 1211 1325 consideratis,
1233 1267 1321 1332 spero
1343 1252 1470 1316 tectores
1489 1268 1553 1316 csse
1569 1253 1625 1332 jn-

492 1372 648 1434 dicatnror
663 1387 728 1432 non
742 1370 787 1431 ric
804 1367 957 1450 occepisse
974 1364 1149 1433 Galilaeam
1165 1378 1279 1434 contra
1291 1369 1515 1434 odccrsartnm
1531 1389 1624 1436 raon

449 1498 452 1506 ¹
493 1484 640 1549 Sarsinm
667 1482 824 1565 chnonis
847 1484 1034 1547 anctoritate
1051 1501 1116 1548 sese
1138 1483 1314 1567 efferentem
1335 1486 1525 1561 insidiosas.
1545 1498 1582 1552 at
1598 1491 1629 1554 id

491 1604 548 1685 ipsi
571 1603 665 1666 etiam
690 1599 833 1684 chdani
854 1601 984 1665 seorsim
1007 1602 1043 1664 in
1065 1612 1253 1682 orpnmento
1280 1607 1410 1687 proptio
1432 1606 1547 1688 frondi
1568 1624 1629 1671 esse

491 1718 634 1792 coluerit,
650 1726 707 1782 ont
723 1735 785 1781 esse
801 1734 889 1797 posse
903 1719 1084 1798 speraverit.

582 1837 632 1901 16.
656 1834 726 1899 Foi.
746 1835 822 1900 270.
845 1834 989 1900 Bassam
1012 1833 1145 1912 Sassia,
1171 1834 1304 1903 Goiiioei
1325 1840 1551 1920 ominaomina,
1576 1843 1629 1905 ia-

490 1958 600 2017 surrst
623 1954 657 2017 ia
680 1970 795 2018 aurem
818 1953 943 2026 timide,
967 1956 1162 2038 nescioquis
1175 1956 1358 2038 peiiacninr,
1373 1967 1495 2023 mam
1512 1966 1627 2034 terrae,

488 2072 571 2155 qaod
592 2071 748 2147 admisso,
770 2089 833 2135 non
855 2071 898 2134 sit
921 2088 1020 2152 opas,
1039 2075 1182 2152 prarntis
1205 2072 1332 2138 orbidm
1352 2075 1480 2151 codidie,
1502 2087 1627 2140 rectam

436 2182 450 2232 s
465 2235 467 2239 ψ
490 2189 620 2253 dometis
642 2189 815 2253 adscribere
834 2199 963 2254 motam.
990 2187 1205 2273 Oimproiom
1223 2194 1461 2274 suspectionem,
1479 2196 1508 2258 ri
1520 2196 1627 2274 scira,-

488 2317 666 2389 suspectam
688 2326 762 2373 nero
785 2308 967 2372 clandestini
989 2309 1109 2374 consilii
1126 2310 1358 2385 atcaiiatorem.
1375 2314 1405 2377 ri
1420 2314 1520 2378 tacitis
1537 2315 1624 2378 disce

449 2432 455 2456 ‘
488 2428 632 2491 susurris
653 2435 759 2508 patent
783 2426 851 2508 ejas
873 2444 978 2500 onres3
1001 2445 1020 2490 o
1042 2445 1115 2492 oero
1135 2447 1208 2493 cere
1231 2428 1387 2494 timidum
1409 2432 1623 2523 mem.

485 2549 521 2619 si,
545 2546 628 2629 qaod
650 2547 736 2612 credi
754 2563 816 2628 par
838 2555 893 2623 est,
916 2564 994 2611 ocra
1013 2565 1047 2611 se
1066 2557 1158 2630 pntat
1180 2565 1344 2630 snpacrerc
1367 2546 1622 2624 Sarriosocrrn·

486 2663 586 2729 eninm
609 2664 760 2746 deniqne,
783 2667 839 2746 qai
861 2682 943 2746 qnae
964 2664 1113 2739 discam,
1135 2683 1217 2747 qnos
1245 2665 1379 2731 aonias
1412 2682 1526 2749 aspero
1553 2667 1621 2745 [ore

481 2780 646 2863 praecidit,
666 2780 821 2844 submissa
844 2799 914 2844 voce
937 2779 1044 2854 dictat,
1063 2789 1132 2845 tata
1144 2782 1343 2863 praeferens:
1362 2781 1415 2862 foi.
1431 2783 1499 2847 277
1516 2783 1621 2847 credi-

461 2879 563 2961 deris
586 2896 673 2960 iiiam
697 2898 780 2959 inter
802 2913 915 2960 canam
938 2897 1088 2962 coenosos
1109 2897 1151 2961 ad
1183 2897 1356 2963 destinatos
1390 2899 1513 2964 undere
1533 2901 1621 2981 {orec

483 3017 635 3093 cecitatis,
657 3016 732 3079 odeo
754 3024 782 3078 et
806 3015 937 3096 sapidas
962 3022 1007 3078 est
1031 3032 1070 3077 nc
1091 3016 1213 3097 {anons
1230 3023 1390 3095 ornator,
1404 3027 1561 3083 cicantns
1577 3037 1619 3083 ne

483 3134 671 3198 mordeatur.
694 3130 781 3197 Nini
802 3139 845 3194 cst
868 3149 945 3212 opns
967 3131 1173 3212 {iactnotione
1195 3134 1267 3208 ista.
1289 3128 1398 3197 Sarnis
1418 3132 1445 3196 ti
1457 3149 1524 3196 non
1542 3134 1619 3214 pio-

483 3262 529 3315 oet
552 3231 652 3314 terrae
674 3260 785 3323 motas,
809 3251 864 3331 qni
886 3267 978 3312 snam
1000 3252 1218 3330 apparentiam
1235 3249 1417 3326 admisceat,
1431 3259 1467 3316 nt
1482 3250 1618 3331 pinnatis

483 3370 625 3432 omnibns
650 3370 839 3432 eccentrt'oas
854 3371 972 3435 orbitas
991 3371 1188 3440 metantibus,
1208 3371 1252 3432 sic
1268 3372 1363 3434 etiam
1383 3370 1516 3434 Cometis
1534 3382 1619 3434 recto

482 3491 597 3568 impetn
625 3487 809 3558 ruentibus:
833 3488 899 3551 iicet
923 3490 1020 3568 ipitnr
1046 3491 1100 3550 tibi
1122 3489 1189 3567 ejas
1224 3488 1307 3559 ioco,
1344 3498 1463 3552 neotum
1499 3491 1615 3552 realem

482 3609 738 3671 concomitantiae
761 3607 799 3669 ab
822 3609 897 3686 ipso,
921 3625 1012 3687 qnam
1037 3609 1085 3668 nio
1104 3609 1251 3687 sequeris,
1272 3604 1417 3687 Tycnone
1432 3608 1617 3688 sappedita-

482 3737 567 3801 tnm,
592 3730 636 3789 sie
659 3727 828 3789 admiscere
850 3735 932 3789 recto
957 3725 1098 3788 Comatae
1127 3728 1247 3799 motai,
1281 3727 1361 3789 sicat
1394 3727 1476 3789 idem
1510 3736 1614 3790 motns

481 3848 574 3910 reaiis
597 3846 761 3909 admisceri
780 3846 958 3924 perhibetur
979 3845 1186 3908 circularibus
1219 3846 1417 3926 pianetornm
1452 3847 1616 3917 motibus:

482 3965 565 4028 nitito
590 3976 616 4027 te
640 3969 802 4026 necessitas
828 3973 933 4043 arpet,
955 3964 982 4025 si
1008 3962 1159 4044 Tyenonis
1182 3974 1317 4046 systema
1337 3964 1467 4047 probas,
1493 3975 1613 4027 rectam

481 4083 612 4147 Cometes
635 4084 718 4145 intra
741 4082 919 4162 systematis
941 4083 1049 4145 limites
1068 4083 1205 4146 adimere
1218 4095 1348 4162 motam,
1363 4087 1527 4165 assianare
1547 4088 1613 4148 cir-

481 4204 626 4266 cularem.
651 4200 681 4262 F
682 4202 846 4264 actitatam
869 4200 901 4262 id
922 4199 1004 4262 vides
1028 4203 1067 4263 ab
1086 4199 1311 4282 Hyperaspiste
1326 4220 1401 4275 meo,
1422 4206 1456 4266 in
1478 4202 1609 4268 Cononis

482 4321 643 4396 minusad
656 4319 705 4408 tto,
721 4318 767 4388 tt,
788 4336 854 4400 cap.
874 4319 927 4392 20,
952 4339 981 4380 n.
1006 4320 1065 4387 tt:
1084 4329 1113 4381 et
1129 4338 1195 4399 cap.
1215 4320 1268 4394 25,
1285 4338 1315 4381 n.
1335 4321 1372 4394 2;
1387 4322 1510 4385 imitari
1522 4330 1607 4402 potes

480 4438 512 4497 in
531 4436 681 4498 omnibns.

573 4555 622 4617 17.
646 4551 714 4615 Foi.
730 4554 805 4617 279.
836 4552 974 4616 Venator
995 4569 1015 4614 a
1040 4548 1151 4616 Sarsio
1176 4553 1300 4618 Cometa
1323 4554 1402 4617 idem
1419 4553 1608 4636 Repiomon-

482 4677 558 4746 toni,
582 4694 643 4754 qno
666 4672 701 4735 de
725 4681 787 4734 tom
811 4671 909 4734 malta
931 4691 985 4750 epa
1001 4671 1043 4732 ad
1059 4671 1108 4732 tio.
1126 4669 1194 4745 tlt,
1210 4690 1276 4753 cap.
1294 4673 1347 4746 22,
1363 4689 1449 4735 nam.
1467 4674 1489 4736 2
1504 4675 1540 4736 in
1557 4674 1609 4740 33.

486 4792 576 4853 Video
599 4813 635 4855 ne
660 4789 769 4853 Sassia
790 4792 913 4873 qnidam
932 4792 1038 4853 iactam
1055 4791 1103 4853 oei
1119 4789 1357 4870 Repiomantont'
1370 4790 1609 4874 descriptionem
