4109 5934
827 745 855 788 m
880 746 1010 791 tiliacum
1039 748 1194 794 stanneos
1510 739 1576 805 ldt'i
1649 815 1651 818 ¹

441 876 572 945 riorum.
598 873 723 948 Martis,
747 872 892 947 Telluris,
921 874 1056 946 Veneris,
1084 877 1237 941 Mercurii
1253 877 1356 944 Salem
1375 882 1580 946 ambientium

442 995 530 1058 intra
550 993 638 1058 lauis
662 992 834 1056 ambitum?

533 1112 681 1178 Habeant
704 1115 802 1194 iyitur
820 1123 986 1177 creaturae
1008 1115 1117 1179 leniae
1133 1134 1197 1198 quo
1214 1137 1247 1180 se
1262 1117 1428 1190 oblectent:
1443 1122 1506 1183 sint
1521 1120 1580 1182 illie

444 1234 549 1308 etiam,
571 1233 600 1296 si
618 1232 732 1314 placet,
746 1243 886 1314 quatuor
900 1235 951 1296 sui
963 1233 1108 1314 planetae
1123 1235 1264 1316 dispositi
1278 1237 1320 1300 ad
1339 1254 1482 1301 nmmum
1499 1240 1581 1302 clas·

441 1355 487 1419 sis
501 1356 599 1419 trium
616 1354 869 1419 rmmtoteorun
886 1373 1062 1436 corporm
1079 1364 1221 1436 quorum¹
1234 1375 1333 1420 unum
1352 1355 1464 1440 (quasi
1474 1359 1582 1421 rnam-

447 1475 549 1538 licum
559 1472 574 1558 )
600 1472 706 1538 Culus
729 1477 793 1554 ipse
816 1485 882 1548 est,
905 1475 1080 1538 secundum
1108 1451 1427 1548 Culicoetoedrieum,
1454 1477 1581 1539 tertium

448 1591 794 1668 lcasidodecaedricum‚
817 1611 883 1668 sea,
906 1594 1082 1666 duodecim.
1107 1596 1239 1673 triqinta
1260 1595 1428 1674 omnnium
1450 1594 1582 1675 quadri·

447 1712 634 1784 tamenim,-
654 1711 788 1777 lateam
811 1714 944 1794 inquam
967 1714 1013 1776 illi
1034 1731 1112 1784 sua,·
1145 1731 1203 1777 nas
1238 1713 1376 1777 nomines
1412 1711 1583 1777 Terricolae
1637 1730 1643 1742 ·

449 1846 516 1897 nun
539 1832 647 1914 utique
668 1832 794 1912 frustra
810 1831 882 1912 (me
900 1832 1023 1896 doctore
1033 1832 1048 1915 )
1069 1833 1104 1895 de
1118 1833 1388 1913 praestantissima
1406 1840 1584 1896 nostrorum

447 1966 612 2031 ceramum
632 1951 827 2016 habitatione
843 1952 973 2031 alariari
990 1968 1170 2031 possumus,
1191 1949 1318 2031 Decque
1336 1950 1491 2013 conditori
1510 1966 1584 2029 nra·

448 2073 491 2127 ter
514 2062 668 2128 maenus.

538 2180 625 2247 llaec
646 2200 742 2265 super
760 2185 848 2248 nonis
863 2185 1120 2257 dubitationibus,
1136 2203 1216 2266 quas
1236 2185 1300 2248 tuis
1321 2181 1458 2248 Galilaee
1476 2186 1586 2265 enori-

448 2302 562 2365 mentis
585 2302 743 2378 mcitarti,
765 2304 969 2384 philosophice
993 2311 1094 2367 tecum
1116 2304 1263 2366 disserere
1281 2304 1358 2365 utini
1379 2304 1507 2383 ntaeutt.

540 2534 605 2602 Sed
626 2556 699 2603 cum
719 2541 846 2620 saepius
864 2540 935 2620 jam
952 2548 1151 2603 structuram
1170 2540 1292 2612 mundi,
1309 2557 1366 2620 per
1381 2540 1520 2622 quinque
1537 2556 1588 2601 rc-

448 2654 577 2735 aulam'a
598 2670 737 2737 minora,
760 2674 800 2719 erc
830 2672 897 2719 mec
919 2652 1067 2738 masurio
1100 2657 1350 2738 cosmocraplico
1379 2656 1589 2731 adduxerim,

454 2771 557 2835 tribur
580 2774 681 2837 cerdis
704 2773 905 2854 objectionem
932 2774 1021 2838 initio
1048 2775 1190 2854 epistolae
1226 2781 1342 2838 tactam
1374 2776 1499 2855 penitm
1534 2773 1589 2836 eli-

454 2889 592 2954 annaio.

544 3007 625 3072 Cum
648 3016 789 3091 numum
810 3012 842 3073 ti
862 3010 1008 3092 planetae
1043 3009 1282 3089 annuetissimis
1303 3008 1458 3073 meatibus
1486 3008 1593 3072 lenem

452 3129 555 3211 ipsum
577 3128 873 3200 eircmnamlulente
906 3147 995 3193 necno
1018 3137 1149 3199 metuat,
1177 3127 1343 3190 turbatum
1367 3127 1405 3190 iis
1427 3126 1469 3190 iri
1490 3129 1590 3189 ratia-

455 3265 526 3311 nem
547 3263 651 3312 mmm
668 3247 910 3343 interpositionis
927 3251 1107 3330 laurarum
1126 3244 1327 3326 Pytnanorae
1346 3248 1428 3308 inter
1441 3243 1592 3325 punctae.

461 3362 550 3441 Quin
570 3369 673 3447 potius
695 3385 785 3448 spera
807 3369 860 3431 lot
884 3365 1082 3430 circulatores
1117 3363 1234 3437 lacios.
1263 3374 1291 3426 et
1316 3366 1343 3426 si
1370 3382 1448 3445 quos
1481 3364 1593 3426 nabent
1698 3431 1700 3435 y

457 3483 513 3547 alii
535 3487 626 3548 etiam
645 3484 800 3566 planetae,
830 3485 956 3548 tandem
977 3501 1100 3547 omnem
1123 3501 1204 3563 quae
1228 3491 1326 3545 restat
1357 3484 1595 3563 discrepantiam

457 3601 647 3667 sublaturas.
680 3601 847 3668 Rationem
876 3603 960 3665 enim
989 3621 1010 3665 a
1035 3598 1215 3664 Decetiam
1238 3600 1349 3662 lterum
1371 3600 1595 3664 circulatorum

458 3722 599 3786 liabitam
620 3725 654 3786 in
676 3726 853 3804 laurarum
877 3721 1118 3804 interpositione,
1144 3720 1317 3783 circulator
1345 3694 1469 3791 Terrae,
1502 3718 1595 3782 Luna

457 3841 570 3905 scilicet
593 3843 711 3923 orauit,
734 3842 825 3923 cuius
845 3844 1012 3906 circuitum
1030 3841 1113 3905 circa
1134 3837 1271 3904 Terram
1290 3839 1443 3920 recalinere
1463 3856 1526 3902 non
1538 3858 1596 3917 po-

458 3961 517 4032 tui,
541 3978 613 4023 cum
636 3960 712 4025 illud
734 3959 898 4042 neaocium
920 3960 1001 4024 seria
1025 3938 1205 4022 tractarem.

550 4076 697 4162 Adeoque
709 4080 882 4144 etiamnum
900 4080 933 4141 in
952 4080 1148 4142 restitutione
1161 4077 1286 4142 aritium
1303 4085 1333 4138 et
1348 4085 1491 4138 motuum
1505 4070 1596 4137 Mar·-

459 4199 508 4270 tis,
542 4196 673 4269 Veneris,
697 4217 737 4262 ecc
759 4198 1024 4263 observationibus
1052 4197 1180 4271 Bromi,
1203 4194 1393 4277 deprehendo
1416 4196 1502 4256 niare
1524 4191 1595 4270 plu·

457 4314 580 4378 sculum
603 4316 785 4389 interstitia,
809 4324 844 4379 ut
874 4313 1065 4378 Dodecaedri
1097 4314 1223 4396 annulis
1250 4331 1270 4376 a
1297 4310 1450 4375 Perinelio
1483 4308 1597 4372 Martis

456 4434 606 4505 certensis,
632 4452 695 4498 nan
718 4441 931 4516 assequantur
955 4445 1064 4496 centra
1096 4434 1274 4513 planorum,
1301 4429 1426 4493 Lunam
1450 4430 1484 4490 in
1509 4414 1602 4506 ilren-v

459 4569 536 4631 oaeo
562 4562 671 4616 suaet
695 4550 825 4634 Aphelio
851 4549 982 4614 Telluris
1006 4552 1225 4620 constitutam·
1259 4566 1358 4629 neque
1393 4554 1501 4609 centra
1524 4543 1596 4608 lco-

459 4669 565 4734 saedri
589 4668 717 4752 Apltclio
748 4670 870 4734 Veneris
894 4668 1095 4732 accomodata
1116 4664 1281 4746 parrinant
1309 4663 1441 4744 arenulas
1472 4659 1598 4725 lcotae·

462 4787 511 4852 an·
535 4789 698 4875 usquead
725 4787 850 4856 Lunam
887 4787 920 4848 in
958 4784 1082 4869 Apaqea
1115 4802 1173 4847 suo
1206 4793 1235 4845 et
1271 4780 1427 4846 Perilielio
1467 4778 1597 4844 Telluris
