4109 5934
761 905 814 968 DE
837 902 1025 969 uenienti
1050 904 1273 972 TlthTATlI

667 1162 835 1253 uinea
867 1161 1202 1252 strennuus
1232 1124 1387 1254 Jovts

870 1432 1171 1488 ΛΝΝΟΤΛΝΒΑ.

537 1683 602 1738 Post
618 1696 707 1738 annos
725 1682 823 1737 decern
843 1681 1038 1736 diuturnorum
1058 1682 1194 1747 laborum,
1212 1683 1277 1739 lieet
1297 1698 1353 1738 non
1372 1685 1482 1740 meliori
1503 1701 1584 1756 prae·

447 1786 570 1841 «litorum
595 1789 698 1841 eventu
719 1782 848 1852 superius
867 1796 884 1836 a
902 1781 983 1837 nohis
1003 1787 1117 1849 notato,
1136 1784 1172 1839 acl
1195 1785 1222 1839 id
1243 1785 1316 1855 typis
1339 1788 1530 1844 mandandum
1552 1805 1583 1844 so

447 1883 598 1939 linnierins
613 1882 786 1952 accingebat,
799 1881 872 1952 qnod
889 1881 918 1936 in
931 1878 1022 1936 studio
1041 1881 1199 1938 satellitum
1216 1883 1295 1941 lovis
1310 1889 1371 1940 erat
1382 1891 1582 1957 consequutus.

448 1983 523 2039 hihri
541 1983 647 2051 titulus,
665 1986 696 2038 nt
714 1981 865 2036 liiooiolius
880 1986 1006 2049 testatur,
1021 1981 1129 2037 iuturus
1147 1987 1225 2038 erat:
1248 1982 1285 2037 lte
1298 1991 1372 2039 moto
1392 1983 1491 2041 Stettoe
1505 1985 1584 2042 Joois

445 2091 471 2138 et
497 2090 616 2167 emtum
641 2084 768 2137 comitum
795 2098 827 2135 no
853 2081 1047 2135 recentioribus
1074 2082 1140 2135 coeti
1165 2082 1356 2150 phoenomenis
1382 2082 1427 2155 (l).
1452 2082 1507 2139 Sed
1536 2089 1584 2141 vix

445 2185 606 2253 susceperat
622 2197 702 2252 opus,
722 2197 796 2247 oum,
815 2185 846 2235 ut
862 2181 928 2234 alihi
946 2179 1089 2246 diximus,
1108 2181 1144 2235 ab
1165 2181 1280 2251 inopina
1303 2188 1394 2238 morte
1418 2189 1582 2255 praereptus

445 2284 498 2349 ost,
510 2286 539 2337 ot
553 2281 595 2336 sic
610 2295 693 2337 sunm
711 2285 740 2336 et
757 2280 869 2334 illorum
889 2279 1071 2346 desiderium,
1084 2278 1186 2349 quihus
1202 2277 1363 2349 hujusmodi
1374 2281 1523 2338 consilium
1539 2299 1585 2353 pn-

445 2381 587 2449 tclccerat,
605 2381 730 2438 evannit
749 2379 856 2436 Paneas
874 2380 938 2436 talis
952 2380 1047 2449 operis
1064 2379 1164 2448 lineas,
1184 2393 1254 2450 quas
1272 2379 1320 2436 ille
1343 2381 1516 2451 scripserat,
1538 2381 1584 2437 hie

443 2480 712 2552 exhihcmns3ipsaa
730 2482 760 2537 in
778 2481 921 2538 volumino
937 2479 981 2534 lll
995 2478 1086 2548 tiss,
1105 2478 1181 2536 char.
1202 2480 1417 2549 loo,1ol,1tsa,
1437 2482 1584 2539 coutinen-

445 2584 499 2636 tur.
515 2578 637 2637 Minimo
651 2595 717 2637 roro
734 2581 926 2652 argumentari
946 2596 1095 2650 possumus
1114 2581 1183 2635 illud
1199 2596 1269 2652 opus
1284 2580 1395 2651 longius
1413 2583 1584 2653 processisse

445 2694 530 2752 qnam
548 2681 688 2749 diximus,
709 2685 767 2739 lum
787 2687 900 2753 propter
919 2682 981 2736 illas
999 2696 1069 2754 quas
1088 2682 1233 2752 attigimus
1250 2684 1286 2738 de
1305 2683 1467 2753 integritate
1485 2683 1584 2740 Manu·

444 2779 611 2851 scriptorum
628 2780 760 2850 rationes,
780 2781 841 2851 ejus
860 2781 889 2836 in
908 2781 983 2836 obitu
1002 2780 1183 2849 amissorum,
1207 2782 1256 2837 sed
1283 2798 1357 2838 nunc
1383 2789 1582 2853 perventorum

444 2880 473 2936 in
495 2879 687 2939 Bibliothecae
709 2882 851 2938 Palatinae
871 2883 1088 2954 possessionem,
1110 2886 1171 2939 tum
1189 2883 1254 2954 qnia
1267 2883 1401 2954 scriptum
1420 2883 1450 2938 in
1469 2885 1583 2955 quintae

442 2981 563 3052 paginae
590 2981 740 3040 medietate
766 2983 911 3054 archetypi
934 2987 1045 3048 cessat,
1065 2986 1144 3052 parto
1172 2983 1278 3055 reliqna
1304 2983 1431 3053 eiusdem
1461 2983 1580 3053 paginae

441 3081 515 3150 uhu,
532 3080 618 3138 simul
635 3096 701 3138 cum
717 3082 813 3137 codice
831 3097 888 3137 non
906 3085 1032 3148 exarato,
1052 3087 1229 3138 remanente.

517 3299 554 3361 (ll
566 3316 580 3348 a
596 3299 632 3351 D.
653 3300 801 3351 Vincentius
809 3296 946 3348 Reniorioa
957 3297 1110 3348 ottonum
1121 3297 1236 3349 autnon
1246 3299 1376 3358 alumnos,
1392 3313 1425 3351 oe
1436 3301 1582 3364 primariae

446 3406 461 3436 o
480 3388 592 3441 Mnus
611 3390 795 3442 [internuntio
810 3391 1016 3450 mathematicos,
1037 3392 1082 3453 qni
1106 3393 1190 3440 dacem
1215 3393 1277 3440 totis
1300 3393 1380 3441 onnia
1404 3391 1582 3442 clamationi
1684 3384 1686 3388 ’

447 3502 461 3529 o
478 3481 626 3532 &crunon
640 3482 712 3532 Jooia
728 3482 815 3532 sedulo
830 3480 959 3545 incohati,
970 3482 1032 3531 dnm
1043 3481 1181 3531 odilonem
1196 3481 1259 3531 lihri
1275 3483 1306 3532 de
1319 3487 1393 3533 motu
1405 3481 1501 3533 Stellae
1510 3482 1580 3535 toria

444 3588 459 3619 s
475 3577 503 3624 et
517 3578 631 3638 quatuor
647 3574 774 3625 comitum
790 3587 821 3624 ro
837 3572 1028 3624 recentioribus
1044 3571 1111 3623 coeii
1127 3573 1314 3636 phoenomenis
1326 3579 1424 3635 porat,
1448 3586 1528 3636 nomn
1541 3576 1582 3624 in

445 3680 460 3712 s
475 3666 621 3718 monna
629 3674 690 3731 post
699 3679 780 3718 omno
790 3679 903 3716 mntem
913 3665 979 3714 nsihi
987 3666 1120 3729 pollicitor
1135 3671 1192 3715 oroi
1206 3667 1237 3716 in
1253 3679 1301 3715 rso
1312 3666 1421 3728 epistola
1439 3668 1505 3715 anni
1520 3670 1581 3717 toll

447 3760 518 3810 »ote
535 3763 562 3809 ll
581 3760 756 3823 Septentrio,
774 3772 859 3809 onnon
876 3757 1014 3809 Nouembri
1029 3766 1159 3809 mortuum
1174 3761 1317 3824 acceptu..
1335 3775 1357 3810 a.
1381 3758 1580 3825 (himrgestum

445 3849 557 3911 horum,
575 3852 653 3904 Tom.
669 3853 690 3914 l,
709 3868 767 3917 pag.
785 3857 840 3911 tao,
858 3851 909 3902 nol.
929 3854 968 3911 ¹l·
986 3858 989 3866 ·
