4109 5934
816 728 857 773 nte
882 727 964 773 aava
988 729 1205 775 saracenam
1510 717 1576 785 bib

539 854 657 937 Vesperi
690 857 766 919 bora
798 873 905 927 nona,
941 875 1012 918 eum
1044 867 1122 921 esset
1146 868 1217 921 orta
1242 857 1357 933 batto,
1392 863 1495 925 iumen
1529 867 1576 927 ia-

442 991 513 1036 eam
535 990 656 1036 omnem
680 972 868 1045 deeeruerat,
891 972 997 1035 bittora
1020 975 1293 1053 conspiciebantur
1314 976 1402 1055 beau
1425 977 1574 1041 eircuiari

439 1091 658 1172 paicberrimo.
682 1091 775 1170 quati
798 1097 922 1153 exsecta
945 1099 1021 1152 esset
1042 1088 1135 1154 Lana
1158 1101 1215 1154 aut
1239 1103 1406 1158 excavata.
1429 1092 1505 1158 Sota
1519 1115 1574 1176 pe-

442 1210 567 1274 nintaio
589 1211 677 1271 intro
699 1206 784 1271 iiiam
807 1208 949 1271 iittoram
972 1208 1137 1272 cavitatem
1161 1208 1263 1273 adbuc
1286 1210 1539 1275 illuminabatur.

531 1325 669 1394 lrtbmur
693 1326 843 1408 apparuit
866 1327 1048 1400 carissime,
1070 1336 1137 1391 erat
1160 1331 1273 1408 speeies
1297 1329 1391 1393 oebui
1419 1328 1573 1395 Tauricae

443 1446 648 1512 Cbertonneu‘
669 1447 704 1509 in
728 1444 840 1518 Ponto,
863 1455 919 1509 ant
941 1447 1046 1526 potiar
1071 1444 1298 1527 Peloponnesi,
1322 1447 1439 1511 diuisae
1468 1451 1574 1513 utrin-

443 1587 503 1648 que
524 1568 657 1630 sinubus
676 1566 829 1629 ambratia
844 1565 937 1645 ionpa
956 1577 1061 1629 tamen
1079 1566 1193 1646 fronte,
1216 1575 1244 1629 et
1268 1567 1361 1638 baeu:
1384 1577 1465 1630 reete
1488 1568 1572 1646 obie-

444 1695 505 1760 eta,
527 1703 582 1748 neo
604 1694 639 1748 ut
660 1686 842 1750 nominatae
863 1685 1067 1764 peninruiae,
1099 1685 1216 1764 anpuio
1250 1695 1343 1750 acuto
1365 1704 1513 1766 prorsam
1542 1689 1574 1748 in

442 1804 546 1868 taeam
564 1810 779 1885 procurrente,
802 1802 857 1866 sed
880 1804 971 1884 tripio
992 1803 1056 1881 [ere
1080 1805 1200 1881 tonpior
1218 1822 1315 1885 quam
1338 1805 1441 1868 latior.

532 1919 651 1984 Mirum
687 1930 815 1990 autem,-
849 1922 883 1983 in
916 1923 1102 2002 peninsula,
1128 1940 1193 2003 qua
1226 1925 1337 1986 ietbmo
1368 1896 1575 2003 conjunpitnr

444 2040 596 2105 tittoribue
616 2042 777 2112 montorio.
798 2050 953 2122 punctum
969 2051 1038 2104 erat
1058 2041 1292 2114 incidissimum,
1310 2045 1424 2106 montis
1447 2043 1575 2106 instar:

442 2167 470 2221 et
492 2161 617 2239 cepione
633 2159 668 2220 in
684 2158 875 2223 lucidissima
892 2161 1033 2224 littorum
1051 2162 1228 2225 continente
1243 2170 1397 2242 punctum
1412 2170 1478 2225 erat
1498 2181 1570 2226 urn-

388 2269 390 2273 ’
444 2275 591 2346 brocam:
615 2275 768 2339 indicium
801 2275 879 2355 [arte
913 2275 1012 2347 oaiiir,
1046 2294 1101 2357 per
1135 2294 1233 2358 qaam
1254 2278 1388 2338 materia
1413 2277 1445 2337 in
1471 2275 1573 2338 iocum

444 2404 546 2474 rpeeto
578 2394 780 2474 penintaiam
814 2395 935 2477 effecit,
960 2406 995 2458 ut
1019 2395 1054 2458 de
1077 2398 1256 2475 aparatione
1280 2393 1415 2476 Arpppti
1438 2394 1575 2475 patton-

441 2514 560 2592 pbatur
584 2510 772 2578 aeramen.

533 2628 588 2692 An
609 2630 779 2695 boeotum
802 2631 934 2711 oettipia
958 2629 1091 2695 Neronis
1126 2631 1261 2712 aiicujus
1290 2631 1447 2695 Istbmam
1465 2632 1542 2712 per!
1560 2666 1575 2679 ·

443 2747 568 2822 aientis,
587 2757 644 2814 aut
669 2748 852 2814 cboubron·
870 2749 1072 2830 peninruiam
1096 2750 1175 2814 catio
1199 2751 1371 2813 munientis
1387 2757 1498 2814 eontra
1518 2768 1575 2813 ne·

445 2867 509 2930 seio
531 2884 622 2947 quem
647 2864 765 2932 Xerair
782 2867 977 2932 eaercitum?

541 2983 663 3064 Vetpere
686 2986 788 3050 eodem
812 2984 993 3050 Saturnum
1016 2985 1148 3066 ospaci:
1175 2984 1253 3046 nibii
1275 2984 1436 3047 tteiiarurn
1450 2991 1518 3046 erat
1541 2986 1575 3045 in

443 3111 507 3166 tam
530 3111 622 3166 areta
648 3104 777 3167 vicinia.

536 3218 594 3285 Dia
616 3218 638 3284 6
660 3217 847 3301 Septembris
872 3238 963 3286 mane
987 3221 1067 3285 bora
1082 3220 1220 3285 seeundo
1241 3227 1311 3298 pon
1342 3217 1474 3281 mediam
1501 3234 1577 3280 noc·

447 3348 517 3411 tem.
540 3338 626 3403 eirea
647 3338 754 3402 Jaoem
776 3341 979 3420 epectarirnue
1018 3335 1152 3402 Tbomat
1176 3334 1330 3416 Sepetbun
1353 3345 1382 3401 et
1404 3353 1460 3415 epo
1481 3334 1576 3397 sotei·

448 3459 513 3521 titos
536 3459 611 3521 auae
634 3459 819 3529 amentatas,
855 3458 987 3522 inuicem
1013 3456 1194 3554 proximos,
1223 3455 1348 3536 Jupiter
1371 3454 1464 3536 quati
1485 3452 1577 3534 dupio
1676 3469 1678 3472 ·

447 3580 554 3643 aberat
577 3597 596 3640 a
616 3579 778 3659 propiori:
803 3578 886 3643 tinea
908 3577 1044 3640 duorum
1066 3590 1164 3653 eupra
1186 3572 1293 3637 lovem
1317 3572 1484 3635 transibat.
1503 3568 1575 3633 Cia-

448 3697 573 3759 rimima
594 3705 739 3778 atraque.
763 3698 862 3776 anapia
888 3704 992 3760 mmm
1015 3692 1219 3762 orientatiorr
1241 3691 1393 3754 distantia
1415 3689 1575 3754 orientatis

446 3814 572 3887 alone,
595 3817 688 3897 quati
710 3824 828 3896 quarta
846 3832 923 3897 pars
948 3811 1160 3876 iratrurnenti.

536 3932 616 3998 Cum
636 3933 876 4015 perpenderem,
900 3936 1146 3998 instrumentum
1168 3939 1339 4011 captatam
1362 3929 1436 3993 coeti
1454 3935 1577 4007 partem

445 4053 608 4135 ampiecti:
631 4050 839 4136 incideret'que
862 4053 889 4116 ri
911 4054 992 4134 [orte
1014 4052 1229 4132 superioribus
1252 4049 1359 4113 diebus
1380 4045 1576 4111 remotiorem

409 4241 411 4244 ,
445 4171 587 4252 minuam
606 4172 865 4251 praeterioerim.
889 4180 945 4235 aut
970 4189 1033 4235 non
1056 4171 1134 4235 tatio
1159 4169 1323 4251 diiipmter
1344 4160 1577 4250 quarinum:

444 4288 596 4369 ampliato
619 4291 821 4355 instrumenti
842 4291 982 4368 teneura
1005 4287 1115 4372 (quoe
1150 4298 1254 4353 tamen
1285 4289 1380 4369 paulo
1408 4277 1579 4348 namatium

443 4409 513 4487 ptus
537 4405 663 4470 dimidia
685 4407 836 4472 diametro
859 4404 969 4471 Lunae
991 4407 1035 4469 cie
1060 4405 1167 4489 cepit)
1203 4405 1336 4469 iastraoi
1358 4393 1580 4467 oeeirientaiem

446 4535 473 4587 rt
494 4526 674 4591 orientalem
695 4527 779 4592 Joru
799 4526 937 4607 piapom.
962 4526 1051 4607 Erpa
1067 4544 1124 4607 per
1140 4543 1256 4590 auram
1279 4522 1367 4588 natae
1389 4520 1580 4585 abbicantem

447 4648 665 4726 apraesentia
691 4645 819 4718 Lunae,
844 4646 930 4710 aaut
956 4655 1059 4712 tamen
1093 4663 1163 4708 sum
1197 4664 1252 4723 epo
1272 4643 1388 4707 'uidere
1411 4635 1582 4702 minimam

448 4762 584 4844 abinaam
620 4768 652 4828 in
687 4767 839 4830 accidente
873 4765 1056 4829 debilissimo
1092 4763 1207 4826 iumine
1242 4759 1412 4827 secantium
1448 4753 1582 4816 ductant
