4109 5934
800 756 952 805 soocoau
974 757 1034 803 sno
1056 756 1198 804 accuso
1509 745 1572 809 dii

532 889 584 955 Ad
605 887 755 962 Esdram,
779 888 988 962 concedimus,
1010 886 1094 968 quod
1115 887 1161 951 sot
1182 894 1341 952 conectat
1363 889 1497 952 cuturn.-
1521 890 1575 953 sed

441 1012 483 1074 iti
517 1027 581 1073 nnn
615 1008 732 1072 dicitur
752 1006 835 1088 quod
864 1003 912 1070 sot
944 1012 1128 1079 mouentur,
1154 1022 1265 1069 uerum
1287 1000 1371 1087 pund
1392 1014 1575 1081 concertat,

444 1127 493 1212 (ut
516 1133 544 1190 et
568 1127 623 1189 ttoc
642 1131 740 1205 potest
761 1122 892 1203 intettipi
913 1141 948 1186 eo
969 1138 1078 1195 sensu,
1100 1139 1163 1203 quo
1184 1122 1230 1186 sot
1251 1130 1353 1187 mouet
1373 1122 1515 1203 planetas
1539 1125 1574 1187 in

434 1261 558 1328 pyrum
580 1260 638 1307 suo
660 1241 786 1315 iumine,
809 1239 893 1324 quod
916 1238 1039 1303 Plinius
1056 1227 1150 1303 etiam
1168 1240 1280 1320 prodat
1306 1240 1356 1302 tto.
1379 1237 1437 1326 ll),
1459 1249 1487 1304 et
1509 1259 1577 1307 una

444 1379 518 1425 cum
542 1359 674 1441 ptanetis
701 1359 849 1439 sptem
872 1373 979 1421 eorusn
1002 1364 1185 1431 convertat,
1218 1356 1266 1420 oct
1295 1357 1399 1437 positu
1422 1374 1525 1422 aernn
1546 1368 1576 1423 ct

443 1494 611 1559 caporcns,
633 1477 689 1558 oui
709 1474 863 1539 circutum
885 1490 1074 1555 saporosum
1100 1474 1185 1536 circa
1207 1473 1349 1554 planetas
1371 1473 1517 1554 faciunt,
1541 1483 1577 1538 ut

446 1594 602 1661 Gotitaens
620 1603 650 1658 ct
665 1593 870 1676 Pythoporici
880 1592 1030 1674 potant,
1055 1601 1083 1655 et
1108 1592 1295 1672 dopernicus
1310 1591 1347 1655 de
1364 1593 1437 1656 orte
1460 1610 1575 1673 macno

445 1714 564 1777 tetturie
579 1713 716 1795 toquere,
732 1713 884 1776 tnstount.
902 1707 1061 1793 Cirpsost.
1073 1719 1181 1774 autern
1197 1709 1403 1791 ruponaeret,
1419 1711 1498 1774 entis
1514 1727 1578 1775 esse

444 1832 473 1894 si
495 1827 598 1893 sidera
615 1835 786 1900 concertat,
803 1834 838 1889 ut
851 1827 949 1908 pouit
964 1825 1027 1890 dici
1044 1835 1221 1890 conuertere
1238 1827 1356 1891 coetsnm
1377 1827 1431 1891 cui
1451 1827 1579 1902 incunt:
1721 1859 1725 1865 ι

445 1949 509 2030 ipse
531 1949 612 2010 enirn
636 1952 735 2010 totuns
756 1948 858 2029 psum
881 1962 945 2008 esee
967 1944 1045 2008 uuit.
1065 1940 1110 2007 Bt
1124 1946 1261 2026 protecto
1282 1946 1502 2020 nnatnemici,
1524 1947 1580 2029 qui

449 2074 581 2146 ternpore
603 2060 780 2144 Aupurtini
805 2062 1008 2135 certissimis,
1030 2072 1066 2124 ut
1087 2062 1152 2143 ipre
1174 2063 1241 2136 ait,
1263 2061 1578 2129 demonstrationibus

442 2184 673 2266 probauerant,
697 2182 815 2245 coetum
841 2196 906 2244 erse
933 2183 1054 2264 num,
1081 2197 1143 2244 non
1164 2187 1334 2260 potuerunt
1368 2181 1423 2246 ttae
1457 2183 1521 2246 nisi
1543 2181 1579 2246 de

445 2301 563 2365 stettnto
585 2299 666 2364 cocto
683 2300 829 2381 probare,
852 2305 882 2362 et
903 2299 952 2361 dic
974 2298 1066 2361 stettis
1092 2298 1177 2380 pais,
1199 2315 1264 2361 non
1287 2298 1323 2362 de
1343 2298 1489 2379 punctu.
1513 2298 1577 2364 Nec

446 2420 531 2482 enim
557 2417 620 2482 utto
641 2425 735 2499 pacto
752 2425 853 2498 poten
873 2416 1089 2480 mathematice
1112 2416 1264 2498 probari,
1290 2416 1375 2499 quod
1399 2418 1517 2482 coetunn
1538 2420 1580 2483 sit

446 2537 577 2610 stotite,
601 2534 665 2598 niu'
697 2551 738 2598 en
770 2536 909 2618 tinorum
931 2536 1053 2598 ratione
1077 2534 1120 2598 od
1147 2544 1264 2599 terram
1298 2544 1327 2599 et
1357 2534 1580 2616 planetarum,

446 2654 529 2717 sicut
547 2651 688 2734 procedit
712 2650 919 2734 Copornicus,
944 2662 973 2717 et
998 2649 1177 2726 Gatitacuc,
1200 2662 1230 2717 ct
1254 2651 1469 2735 Pptnuporici.
1491 2651 1580 2735 Broc

446 2787 502 2851 pce
527 2770 568 2851 tp.
593 2770 785 2834 certissimis
801 2772 880 2834 sotir
897 2771 1042 2836 incinunt
1064 2770 1286 2852 Aupustinus,
1303 2771 1400 2853 nujus
1423 2788 1486 2835 esse
1508 2788 1581 2835 scn-

450 2889 572 2960 tentiae,
597 2887 663 2952 ticet
685 2906 748 2954 nnn
770 2891 847 2954 satis
870 2899 946 2954 esset
968 2891 1226 2962 mathematicus:
1249 2900 1354 2955 tannen
1376 2889 1491 2954 iiidenn
1506 2900 1581 2953 ino·

451 3015 501 3069 net
523 3024 595 3080 nos,
615 3025 654 3070 ne
668 3009 867 3072 contrarium
882 3019 1035 3090 tanquam
1057 3026 1098 3072 en
1119 3009 1178 3092 fide
1201 3025 1393 3083 actuarius,
1409 3016 1444 3072 ut
1462 3007 1580 3072 dictum

447 3131 492 3188 est
514 3126 548 3188 in
571 3126 730 3207 tsypottssi
751 3126 780 3191 11
802 3135 831 3189 et
855 3127 889 3189 in
912 3126 1110 3208 responsione
1132 3126 1174 3190 ad
1194 3125 1376 3191 secundum.
1415 3122 1487 3189 Vide
1510 3123 1583 3188 Au·

448 3242 610 3321 curtinum
632 3242 661 3307 11
682 3259 777 3324 snper
800 3238 912 3307 Genes.
937 3243 989 3309 to.

536 3359 583 3422 De
604 3376 702 3424 cursu
722 3359 817 3424 ueloci
838 3361 911 3425 sotis
933 3362 968 3424 in
991 3358 1096 3425 Esdra
1115 3362 1226 3442 sufficit
1243 3369 1279 3424 ut
1295 3359 1486 3441 intettipntur
1507 3376 1576 3425 nno·

449 3485 500 3540 tus
522 3477 818 3558 etecunpprnstonts
842 3479 875 3541 in
898 3479 1011 3558 ipsunt,
1033 3495 1125 3560 quem
1153 3475 1290 3541 Tetesius
1300 3478 1448 3560 probauit
1469 3493 1580 3541 senso·
1660 3472 1662 3475 ’

452 3594 490 3655 tis
513 3594 749 3674 experimentis,
771 3602 800 3659 ct
826 3590 984 3659 Gatitceus
1007 3613 1050 3658 esc
1072 3593 1300 3658 nutecutarurn
1315 3594 1351 3656 in
1364 3593 1427 3657 sote
1445 3595 1585 3659 circurn-

449 3710 647 3775 ootitcntium
669 3721 771 3776 mutu.
796 3711 941 3777 Mouetur
963 3730 1037 3793 erpo
1058 3711 1104 3777 sot
1125 3712 1160 3774 in
1183 3727 1237 3788 se,
1255 3727 1320 3776 non
1338 3711 1422 3776 circa
1442 3719 1583 3783 terram:

450 3836 478 3889 et
502 3827 557 3892 noc
579 3829 678 3902 satis3
701 3829 749 3892 net
762 3828 866 3903 dicas,
887 3836 923 3891 ut
945 3845 1055 3910 supra,
1077 3837 1275 3910 apparenter.

892 4065 944 4130 Ad
966 4065 1143 4132 Octavum.

539 4301 591 4366 Aa
611 4313 758 4369 octauum
779 4305 960 4386 respondeo.
981 4303 1122 4369 Tantum
1144 4306 1229 4369 adest
1251 4315 1287 4369 ut
1304 4306 1345 4369 sit
1361 4314 1472 4370 contra
1495 4302 1586 4369 Scri-

448 4427 578 4499 pturas,
598 4438 713 4503 ponere
734 4441 835 4506 aquas
859 4428 894 4487 in
916 4425 1111 4500 contestibus,
1134 4433 1170 4489 ut
1189 4425 1295 4505 potius
1318 4423 1517 4489 contrarium
1543 4421 1585 4485 eit

449 4525 562 4600 contro
585 4533 768 4621 Scripturas
791 4549 820 4605 ct
840 4540 931 4623 tidem
954 4540 1156 4607 catholicam.
1176 4538 1265 4621 Eupo
1286 4548 1316 4603 ct
1340 4549 1440 4606 terras
1460 4538 1504 4604 ttt
1521 4554 1584 4603 etse

450 4646 592 4734 sportets
612 4673 683 4720 curn
705 4674 806 4741 noune
829 4674 894 4722 non
915 4658 978 4722 nisi
999 4657 1035 4721 in
1058 4667 1158 4722 terrae
1179 4655 1333 4723 soliditate
1350 4656 1584 4731 contineantur,

452 4785 516 4835 non
536 4780 644 4839 autern
664 4775 699 4838 in
723 4777 874 4843 tenuitate
897 4777 971 4843 coeti
992 4775 1193 4850 ruttitissirni,
1218 4793 1274 4842 nec
1296 4777 1331 4840 in
1347 4775 1508 4842 stottaruun
1529 4790 1587 4865 ca·
