4109 5934
445 727 489 791 qq
803 739 1054 786 onssnvnrronns
1078 741 1127 786 ns.
1153 724 1239 789 ibid

441 897 512 942 cnm
533 874 684 937 desiderio
700 878 876 951 sequentem
897 871 1054 949 expectari
1073 876 1210 934 uectem:
1234 889 1341 934 rerum
1365 891 1382 934 a
1404 891 1461 954 spe
1484 875 1626 941 trustra-

443 991 492 1039 tus
512 977 569 1051 tui,
591 975 724 1037 nubibus
737 973 820 1034 enim
837 971 1044 1050 undequaque
1063 971 1229 1034 obductum
1253 972 1311 1035 tuit
1330 975 1465 1037 coelum.

524 1081 562 1140 At
575 1078 624 1138 die
643 1076 916 1154 10,apparnerunt
936 1071 1047 1134 Stellae
1058 1073 1090 1134 in
1107 1072 1294 1153 ejuscemodi
1316 1074 1354 1135 ad
1371 1074 1479 1137 iorem
1499 1080 1623 1156 positu:

446 1290 489 1336 or.
901 1296 919 1332 s
952 1295 972 1334 a
996 1261 1048 1364 Θ
1556 1286 1619 1335 occ.

446 1486 524 1546 duae
545 1485 626 1544 eninr
649 1486 782 1551 tantum,
804 1488 833 1541 et
858 1479 1022 1540 orientales
1048 1479 1172 1551 ambae,
1194 1479 1335 1556 aderant;
1359 1483 1462 1550 tertia,
1491 1487 1529 1544 ut
1552 1485 1618 1561 opi-

445 1593 535 1648 natns
556 1585 615 1656 tui,
638 1584 695 1645 sub
716 1581 789 1643 lore
811 1582 958 1643 latitante.
979 1578 1078 1641 Erant
1098 1579 1231 1658 pariter,
1255 1580 1297 1643 uti
1324 1588 1426 1655 autea,
1448 1582 1481 1644 in
1503 1583 1616 1644 eadem

443 1694 524 1746 reeta
544 1702 616 1745 cunr
637 1681 710 1742 lore
721 1726 730 1754 ,
741 1699 777 1740 ae
790 1680 879 1758 juxta
898 1678 1018 1740 Zodiaei
1036 1676 1261 1759 longitudinem
1276 1678 1467 1743 adamussim
1481 1681 1616 1745 locatae.

444 1784 529 1847 Ilaec
547 1801 621 1846 curn
642 1781 799 1851 vidissem,
820 1796 954 1858 cumque
975 1780 1161 1844 mutationes
1180 1782 1359 1845 consimiles
1378 1783 1412 1845 in
1432 1782 1509 1846 iore
1527 1788 1615 1849 nulla

442 1887 562 1948 ratione
582 1881 689 1961 reponi
711 1897 799 1958 posse
825 1880 1045 1959 intelligerem,
1066 1885 1159 1959 atque
1178 1881 1306 1960 insuper
1325 1888 1479 1962 spectatas
1498 1884 1615 1948 Stellas

442 2001 564 2062 semper
584 1980 708 2043 easdem
724 1978 819 2043 tuisse
838 1996 1069 2060 cognoscerem,
1085 1980 1213 2060 (nudae
1233 1981 1317 2045 enim
1338 1983 1434 2058 aliae,
1448 1991 1503 2047 sut
1525 2004 1616 2066 prae

441 2084 598 2154 cedentes,
618 2082 672 2142 aut
690 2083 925 2159 consequentes,
945 2079 1026 2141 intra
1043 2097 1193 2160 magnum
1214 2083 1414 2146 intervallum
1434 2084 1524 2166 iuxta
1546 2088 1616 2150 len-

443 2183 613 2262 gitudinem
641 2180 764 2243 Zodiaci
790 2177 935 2259 aderant)
958 2179 1023 2260 jann
1052 2179 1284 2260 ambiguitatem
1313 2182 1346 2244 in
1373 2183 1613 2250 admirationem

446 2288 640 2362 permutans,
655 2286 853 2361 apparentem
873 2281 1161 2354 commutationem,
1176 2299 1237 2344 non
1258 2283 1290 2344 in
1310 2282 1468 2358 lore,sed
1488 2286 1522 2350 in
1536 2287 1616 2351 Stel-

445 2387 486 2449 lis
508 2385 661 2449 adnotatis
682 2384 847 2463 repositam
869 2400 935 2445 esse
951 2383 1106 2463 comperi,
1128 2401 1165 2444 ae
1184 2384 1313 2463 proinde
1332 2387 1454 2448 oeulete
1473 2394 1505 2450 et
1524 2406 1615 2452 scru-

444 2488 551 2568 pulose
571 2485 670 2564 magis
691 2484 834 2562 deinceps
853 2483 1077 2546 observandum
1100 2483 1166 2546 iore
1187 2501 1256 2546 sum
1276 2491 1373 2549 ratus

526 2586 583 2646 bie
599 2586 702 2662 itaque
724 2583 775 2654 11,
790 2582 978 2662 ejuscemodi
994 2584 1243 2647 constitutionem
1260 2587 1339 2648 ridi:
1360 2586 1471 2651 Stellas
1492 2589 1614 2653 seilicet

448 2690 565 2747 tantum
596 2683 675 2745 duas
704 2681 885 2752 orientales;
916 2696 1051 2760 quarum
1080 2683 1181 2745 media
1209 2684 1303 2764 triplo
1332 2684 1463 2748 distabat
1485 2705 1504 2749 a
1524 2686 1615 2761 Jove,

443 2806 537 2867 quarn
565 2788 604 2848 ab
623 2782 829 2854 orientaliori,
856 2785 982 2857 cratque
1009 2781 1191 2844 orientalior
1212 2783 1306 2863 duplo
1332 2783 1396 2847 iere
1417 2785 1518 2866 major
1537 2788 1614 2848 reli-

444 2904 522 2966 qna,
542 2903 613 2946 curn
635 2890 735 2944 tamen
759 2881 945 2941 antecedenti
968 2886 1056 2940 noete
1077 2882 1222 2958 aequales
1243 2882 1340 2945 terme
1361 2887 1572 2964 apparuerint.

442 3095 487 3141 oe
805 3098 825 3136 s
855 3102 874 3137 s
996 3060 1050 3165 ᾧ
1542 3088 1609 3139 ccc.

439 3288 593 3348 Strtutum
614 3285 696 3358 ideo,
711 3285 856 3363 omnique
877 3283 987 3363 procul
1000 3281 1095 3344 dnbio
1116 3301 1134 3342 a
1156 3299 1205 3344 me
1219 3282 1376 3346 decretum
1398 3283 1469 3359 tntt,
1489 3291 1553 3349 tres
1573 3288 1607 3349 in

435 3386 533 3449 coelis
554 3386 659 3449 adesse
679 3385 808 3457 Stellas,
832 3390 976 3465 ragentes
995 3384 1080 3446 circa
1099 3382 1220 3456 iorem,
1240 3386 1337 3447 instar
1357 3386 1487 3451 Veneris
1514 3395 1610 3468 atque

440 3484 585 3547 Mercurii
609 3485 691 3546 eirca
713 3484 831 3546 Solem:
859 3484 941 3564 quod
962 3483 1102 3558 tandem,
1122 3484 1192 3546 luce
1223 3484 1394 3549 meridiana
1418 3487 1552 3563 elarius,
1573 3490 1606 3550 in

439 3584 510 3648 aliis
534 3585 728 3663 postmodum
759 3584 972 3665 compluribus
995 3584 1237 3664 inspectionibus
1257 3584 1452 3648 observatum
1480 3595 1543 3650 est:
1568 3605 1607 3651 ac

441 3703 502 3748 non
526 3690 645 3748 tantum
670 3693 746 3759 tres,
778 3704 885 3748 rerum
906 3694 1042 3765 quatuor
1071 3704 1140 3750 mse
1160 3704 1237 3767 rega
1258 3686 1366 3751 Sidera
1385 3689 1471 3751 circa
1498 3689 1606 3752 iorem

439 3804 512 3851 suas
537 3786 830 3850 circumvolutiones
855 3788 1013 3863 obeuntia;
1031 3805 1166 3868 quorum
1187 3789 1442 3867 permutationes,
1467 3790 1607 3853 exactius

439 3892 659 3967 consequenter
690 3889 878 3962 observatas,
908 3890 1097 3967 subsequens
1117 3889 1257 3952 namatio
1287 3890 1488 3964 ministrabit;
1511 3890 1607 3953 inter-

441 3989 523 4052 stitia
549 4005 673 4069 quoque
694 3989 773 4050 inter
800 3990 867 4068 ipsa
887 4007 942 4069 per
962 3987 1193 4070 perspicilium,
1213 3989 1355 4068 superius
1380 3990 1533 4069 explicata
1555 4008 1605 4054 ra-

440 4091 536 4165 tione,
567 4089 722 4152 dimetitus
749 4106 833 4150 suin:
866 4088 957 4152 horas
977 4090 1105 4169 insuper
1125 4089 1390 4164 observationum,
1422 4091 1603 4169 praesertim

438 4209 510 4253 cum
531 4193 636 4273 plures
658 4190 689 4251 in
711 4188 817 4250 eadem
845 4195 931 4250 nocte
952 4189 1075 4251 habitae
1096 4188 1235 4267 luerunt,
1257 4192 1399 4271 apposui:
1421 4191 1500 4252 adeo
1518 4191 1601 4253 enim

439 4293 555 4356 celeres
583 4294 695 4357 borum
716 4290 914 4354 Planetarum
940 4297 1044 4353 extant
1063 4291 1286 4367 revolutiones,
1306 4298 1340 4354 ut
1364 4293 1507 4354 horarias
1527 4309 1603 4372 qno·

439 4405 499 4466 que
519 4391 705 4454 differentias
725 4391 910 4471 plerumque
930 4391 1022 4454 liceat
1044 4393 1194 4475 accipere.

518 4487 573 4548 liic
594 4493 686 4571 igitur
714 4493 767 4566 11,
794 4493 869 4555 bora
903 4493 1057 4573 sequentis
1077 4494 1176 4556 noctis
1198 4493 1309 4572 prima,
1334 4492 1390 4554 bac
1415 4493 1534 4555 ratione
1554 4492 1601 4553 di-

443 4586 556 4665 sposita
577 4588 682 4651 Sidera
705 4591 779 4652 ridi:

439 4790 484 4838 tir.
920 4814 937 4845 s
967 4778 1046 4877 *Q
1098 4810 1117 4843 s
1431 4829 1433 4833 .
1539 4799 1603 4848 uer.
