4109 5934
834 751 864 797 m
886 750 1019 796 sasasass
1044 749 1198 797 sensuum
1522 733 1584 798 421

455 938 458 945 .
540 882 602 948 Sed
619 886 790 965 sequamur
812 899 906 963 porro
929 883 1023 945 eliam
1038 881 1127 964 filum
1147 889 1219 945 tuae
1234 881 1424 963 scriptionis.
1452 878 1586 958 Quaeris

450 1020 507 1068 cur
528 1021 593 1067 non
617 1001 791 1083 inaequalis
814 1001 907 1064 etiam
930 1009 1080 1081 appareat
1104 1006 1261 1063 extremus
1286 997 1398 1063 Lunae
1421 999 1588 1063 circulus?

450 1119 560 1186 Nescio
582 1138 681 1203 quam
695 1120 728 1182 id
743 1118 905 1199 diliqenter
926 1119 1025 1200 {ueris
1050 1118 1286 1198 contemplatus,
1304 1135 1388 1181 anne
1405 1119 1514 1200 potius
1539 1119 1587 1181 bic

449 1258 489 1304 eu
510 1239 653 1321 opinione
672 1237 760 1317 vulpi
778 1236 935 1318 quaeras?
951 1233 1034 1299 Nam
1050 1235 1127 1298 libro
1150 1253 1218 1298 meo
1239 1235 1292 1316 sol.
1315 1235 1381 1300 249
1400 1246 1430 1298 et
1444 1236 1499 1317 [ol.
1519 1237 1586 1300 250

448 1355 483 1418 in
502 1354 683 1436 pleniluniis
711 1351 832 1434 aliquid
853 1370 930 1415 sane
965 1353 999 1414 in
1035 1353 1093 1415 bae
1116 1353 1236 1416 sasima
1262 1353 1371 1416 circuli
1397 1352 1584 1435 perfectione

449 1456 623 1537 memeiare
645 1489 693 1536 ms
713 1473 870 1553 professus
894 1490 974 1534 sum.
1005 1470 1165 1553 Perpende
1199 1481 1227 1535 et
1262 1472 1338 1554 quid
1361 1472 1418 1534 tibi
1440 1470 1587 1537 uideatur

448 1593 561 1654 iterato
582 1589 740 1662 enuncias
763 1573 825 1652 tuis
849 1589 933 1653 enim
956 1588 1134 1653 ocularibus
1159 1589 1263 1673 fidam.

455 1752 460 1759 ,
538 1705 591 1768 Ad
611 1707 824 1787 qaaestionem
848 1715 884 1769 tu
906 1706 1043 1787 quidem,
1067 1715 1102 1770 ut
1124 1707 1161 1769 de
1185 1725 1219 1770 re
1242 1717 1329 1771 certa
1344 1708 1508 1790 respondes
1532 1729 1586 1789 qe·

450 1823 536 1885 mino
558 1821 655 1886 modo.
675 1820 806 1885 Primus
829 1822 903 1884 meu
928 1821 1145 1901 experimentis
1170 1838 1234 1884 non
1259 1829 1427 1902 repuqnat.
1451 1819 1534 1885 Nam
1557 1824 1586 1885 si

447 1940 625 2022 frequentia
639 1948 668 2002 et
681 1940 865 2022 constipatio
886 1942 1038 2004 verticum
1052 1941 1189 2004 aliorum
1205 1950 1274 2022 post
1290 1941 1366 2004 alios
1386 1942 1421 2002 in
1440 1949 1583 2006 extremo

446 2058 640 2139 aspectabilis
664 2058 882 2139 hemisphaerii
896 2058 1000 2133 limbo,
1016 2059 1147 2138 speciem
1169 2058 1292 2122 enbibet
1310 2058 1441 2140 perfecti
1464 2061 1583 2133 circuli.

446 2177 513 2258 fieri
530 2193 594 2241 non
605 2185 716 2259 potest,
740 2177 802 2239 nisi
823 2177 950 2240 uertices
966 2176 1008 2240 ad
1024 2186 1151 2239 tornum
1174 2177 1301 2259 aequati
1324 2184 1354 2239 et
1376 2177 1484 2242 abrasi
1506 2178 1583 2254 sint,

447 2302 481 2356 ut
501 2312 566 2358 non
584 2293 760 2359 minutolae
776 2295 946 2358 nonnullae
963 2294 1098 2360 rimulae
1113 2306 1170 2360 aut
1195 2296 1349 2360 tubereuti
1371 2304 1582 2378 compareant,

450 2411 532 2492 quod
553 2412 629 2475 meis
652 2411 823 2475 obseruatis
847 2420 921 2475 esset
945 2422 1202 2477 consentaneam.

535 2529 578 2592 ln
601 2529 698 2594 altero
730 2530 820 2594 moda
855 2526 964 2594 Lunae
999 2531 1227 2613 circumfundis
1249 2533 1415 2613 spbaeram
1437 2534 1582 2607 aeriam,

446 2666 528 2730 quae
561 2650 599 2711 in
633 2649 748 2714 debesa
770 2650 850 2730 qlobi
872 2650 1024 2725 reducta,
1044 2651 1294 2733 profunditatem
1320 2650 1461 2734 aliquam
1483 2651 1582 2714 radiis

446 2767 600 2831 solaribus
634 2775 663 2830 et
690 2769 912 2845 terrestribus,
935 2769 1073 2850 adeoque
1108 2779 1136 2832 et
1171 2773 1287 2834 nostris
1312 2769 1407 2834 oculis
1431 2768 1584 2850 objiciat:

446 2883 530 2948 unde
552 2883 601 2947 ille
624 2885 712 2949 limbi
733 2904 838 2951 merus
873 2897 901 2951 et
936 2889 1130 2952 emaculatus
1161 2887 1325 2970 splendor,
1351 2895 1416 2952 tota
1439 2888 1583 2953 interiori

446 3002 542 3083 lucie,
565 3021 631 3085 qua
654 3023 717 3068 noa
740 3006 785 3068 ita
803 3007 962 3088 profunde
985 3008 1102 3071 nostris
1126 3006 1284 3071 obtutibus
1306 3006 1408 3069 obstat
1432 3006 1481 3069 bic
1505 3023 1581 3082 aer,

445 3121 559 3186 crebris
584 3124 715 3187 maculis
739 3134 886 3190 scatente.
1020 3104 1023 3108 ¹
1232 3121 1234 3124 ’

533 3238 644 3305 Potuit
656 3249 684 3304 te
696 3241 795 3324 bujus
818 3245 899 3307 aeris
924 3245 1047 3308 lunaris
1063 3245 1228 3310 admonere
1238 3242 1333 3309 Liber
1346 3262 1434 3308 meus
1448 3244 1502 3325 sol.
1515 3242 1582 3307 252

447 3356 772 3440 collonquentem
795 3363 855 3426 mei
877 3363 942 3427 loca
966 3364 1027 3425 luis
1047 3363 1098 3432 bic
1118 3363 1339 3445 experimentis
1358 3363 1479 3443 eqreqie
1504 3380 1586 3446 con·⁴
1690 3427 1692 3430 ,
1734 3365 1736 3369 ’

444 3476 565 3556 firmas.
587 3471 672 3540 Sane
697 3497 762 3543 non
784 3480 891 3556 uideo,
915 3483 971 3562 qui
997 3479 1153 3544 Selenitae
1175 3479 1223 3544 illi
1245 3481 1280 3543 in
1299 3480 1474 3562 plenilunio
1497 3479 1581 3562 quod

448 3609 505 3655 nos
527 3593 664 3661 udemm
690 3596 879 3681 (caeterique
901 3599 1066 3663 inuisibilis
1089 3597 1292 3688 qemiepnern·
1318 3598 1352 3658 in
1381 3596 1581 3681 novilunio),

444 3709 560 3790 quibus
583 3713 771 3794 temporibus
795 3715 871 3794 ipsis
905 3722 951 3779 est
984 3716 1152 3789 meridies,
1172 3715 1325 3777 immanes
1359 3710 1441 3776 Solis
1474 3722 1580 3776 aestus

445 3826 579 3893 tolerare
598 3832 740 3911 possint,
762 3834 791 3896 si
814 3852 877 3898 non
900 3852 956 3899 aer
980 3836 1124 3900 turbidus
1143 3831 1247 3899 Solem
1269 3833 1352 3909 illis,
1375 3840 1411 3895 ut
1435 3833 1470 3914 fit
1494 3828 1581 3911 apud

445 3943 627 4025 Peruaseos,
649 3951 757 4014 erebro
781 3961 877 4034 tepor,
900 3965 1082 4037 aestumque
1105 3956 1235 4019 bumore
1262 3958 1424 4033 temperet:
1447 3940 1503 4030 qul
1526 3962 1582 4009 aer

442 4062 476 4124 in
491 4061 664 4144 plenilunio
685 4075 714 4130 el
736 4070 877 4134 macnus
896 4072 995 4152 maqis
1014 4072 1161 4148 occultat,
1179 4080 1208 4136 et
1225 4069 1419 4153 splendorem
1442 4083 1483 4129 eu
1506 4060 1579 4127 Sole

446 4179 603 4260 inqentem
626 4185 768 4249 combibit
792 4196 886 4268 atque
908 4189 951 4251 ad
973 4206 1029 4254 nos
1053 4191 1201 4254 revibrat.
1248 4174 1253 4185 ’

537 4293 623 4373 Quid
645 4309 680 4364 tu
702 4303 738 4365 de
762 4320 833 4367 aere
856 4304 930 4368 dicis
954 4306 1039 4369 circa
1061 4305 1209 4382 Lunam,
1233 4323 1305 4369 cum
1329 4301 1518 4369 blaestlinus
1543 4296 1583 4360 ii·

443 4412 519 4479 bello
545 4414 708 4500 Tubinqae
733 4421 813 4485 edito
844 4439 930 4487 anno
955 4423 1042 4490 1606
1065 4427 1158 4489 etiam
1178 4424 1303 4507 pluuias
1330 4424 1366 4486 in
1393 4439 1430 4484 ea
1452 4434 1583 4498 conspe·

442 4534 556 4597 uerit?
578 4532 634 4600 Sic
656 4540 740 4603 enlm
763 4541 810 4604 ille
837 4538 866 4602 Τ
864 4542 893 4604 lt.
919 4542 994 4606 152.

535 4673 553 4712 e
577 4652 621 4717 In
649 4658 752 4739 eclipsi
783 4657 906 4723 lunari
932 4678 1053 4742 vespere
1084 4658 1269 4726 Domintcae
1301 4659 1491 4724 Palmarum
1510 4671 1580 4719 ,an-

446 4792 463 4829 »
489 4772 522 4834 ai
547 4772 643 4850 1605,
659 4778 835 4859 incorpore
859 4777 969 4844 Lunae
993 4799 1101 4847 uersus
1125 4780 1271 4859 Boream,
1291 4778 1458 4861 niqricans
1478 4790 1581 4859 quae·
