4109 5934
828 734 856 778 m
887 734 1019 781 sonatan
1044 735 1199 786 stanneos
1512 726 1578 792 tte

443 866 527 950 saepi
541 866 577 929 in
592 873 695 928 monte
718 862 837 928 Stirioe
862 862 1154 946 sescentesimo
1179 869 1256 930 mibi
1280 869 1437 949 subjectns
1459 873 1577 952 ltnoins

442 985 607 1052 ridebatur
629 982 766 1055 basians,
790 992 891 1048 terrae
915 986 1146 1050 tenebrosiores.
1172 983 1215 1047 tr
1239 989 1454 1068 infimitatem
1476 992 1577 1072 oppti-

443 1104 575 1171 rationis
598 1103 673 1184 sotio
695 1120 784 1166 verso
806 1120 915 1183 morpo
939 1104 1001 1183 ipse
1026 1103 1159 1174 indicat:
1181 1104 1294 1168 seilicet
1319 1124 1383 1170 non
1406 1107 1471 1170 inre
1494 1126 1579 1171 oom-

444 1225 607 1290 tttnrtt'eata
627 1241 670 1289 eta
692 1219 785 1294 Soie,
808 1231 843 1285 at
868 1231 984 1294 terroe,
1006 1222 1127 1286 tacebat
1150 1224 1283 1305 flavios,
1306 1224 1360 1287 sed
1383 1225 1449 1287 tnee
1470 1244 1577 1306 reper-

442 1360 536 1409 ontsa
567 1360 609 1407 em
642 1359 716 1406 aere
750 1340 937 1405 iiinminoto.
969 1340 1140 1421 Propterea
1169 1351 1198 1403 et
1230 1359 1342 1405 oartsot
1373 1344 1578 1424 experimenti

445 1461 564 1527 tentavi
582 1460 755 1541 infeliciter.
776 1457 858 1522 Nam
878 1469 989 1523 eontra
1007 1459 1183 1524 doctrinam
1199 1459 1375 1523 Aristotelis
1390 1461 1467 1526 libro
1478 1462 1514 1525 de
1525 1482 1578 1526 oo-

443 1581 572 1652 ioribns,
592 1581 648 1645 itae
668 1579 839 1662 affimtooi:
857 1597 957 1660 aptiae
976 1581 1083 1642 minas
1108 1581 1144 1642 de
1167 1588 1238 1644 otro
1258 1581 1459 1661 participare,
1482 1600 1578 1663 qnam

447 1708 559 1762 terras.
587 1693 651 1774 Oai
670 1698 754 1761 enim
777 1697 832 1761 itae
867 1715 977 1760 rernm
1001 1715 1065 1760 esse
1096 1699 1217 1778 possit,
1249 1716 1320 1760 enm
1357 1707 1460 1762 terrae
1485 1700 1576 1781 aonio

447 1817 562 1881 tinetas
576 1817 727 1896 nipriores
747 1813 902 1879 eoadem?
926 1813 969 1877 m
992 1815 1069 1896 qaid
1083 1815 1209 1878 mobis?
1232 1815 1273 1879 do
1298 1814 1421 1878 Lnrtam
1445 1835 1484 1880 ea
1505 1817 1577 1882 otbo

446 1933 533 2016 pteba
552 1943 760 2010 assutorem
781 1932 905 1997 Cretam
924 1933 1063 1998 insniom
1087 1932 1253 2016 (quomodo
1273 1932 1435 1998 Larianus
1451 1933 1577 1999 Lanam

445 2053 526 2118 dimit
559 2054 640 2118 aasei
674 2053 805 2116 timitem
838 2062 953 2116 terram
983 2051 1084 2134 esse),
1107 2051 1336 2116 concedendam
1358 2054 1439 2127 erit,
1461 2048 1577 2117 storias

442 2170 684 2253 resplendescere
701 2170 784 2234 ittam
804 2188 845 2234 eo
863 2170 1092 2234 ittnminatione
1105 2167 1205 2242 Solis,
1226 2188 1323 2250 qnam
1342 2172 1457 2246 maria,
1474 2190 1579 2253 qnan-

444 2291 558 2354 trtmoie
580 2307 645 2353 non
668 2299 848 2353 atramento
871 2290 999 2353 imbuta.

532 2407 646 2490 Itaque
666 2409 747 2471 mittit
760 2425 808 2472 me
825 2408 918 2471 Liber
941 2425 1027 2471 mens
1049 2408 1187 2490 impedit,
1207 2429 1268 2491 qno
1285 2411 1389 2472 minos
1406 2419 1434 2472 te
1450 2409 1579 2473 animm

442 2537 557 2594 eontra
577 2547 626 2593 nte
645 2546 704 2612 pro
727 2527 879 2593 Piatareo
909 2529 1136 2592 mathematicis
1167 2533 1364 2611 arpnmentis
1388 2529 1578 2603 disserente,

445 2644 586 2710 illatione
607 2647 864 2728 amatissimam
888 2648 1017 2711 inoiota.
1046 2646 1182 2710 Lnoidoe
1209 2648 1321 2729 qnippe
1342 2655 1449 2727 partes
1471 2647 1577 2709 mattis

447 2763 636 2827 eooitatibnt
657 2762 832 2841 dehiseunt,
855 2765 975 2829 toeaoe
994 2775 1100 2847 portes
1125 2773 1267 2829 tortnoso
1290 2765 1372 2828 tineo
1394 2765 1578 2828 illuminan-

445 2891 511 2958 tar,
534 2881 653 2947 bnoiaae
673 2890 781 2963 partes
804 2884 989 2947 eminentior
1013 2885 1126 2947 babent
1150 2902 1295 2963 mopnas,
1322 2884 1436 2965 ‹pnibns
1459 2885 1577 2947 oieinas

443 3008 551 3081 partes
570 3010 779 3083 praevertunt
802 3005 835 3065 in
859 3002 1099 3068 illuminatione:
1120 3004 1246 3068 eaedem
1278 3012 1305 3065 et
1340 3013 1452 3067 eontra
1475 2999 1578 3066 Solem

449 3129 525 3184 nent
552 3119 689 3194 insidat,
709 3131 799 3201 parto
822 3139 843 3184 a
864 3120 934 3186 Sabe
956 3140 1066 3185 aversa
1090 3128 1290 3186 tenebrosae:
1313 3141 1393 3204 qnae
1414 3121 1523 3186 omnia
1544 3122 1578 3182 in

449 3239 532 3302 sirao
552 3247 582 3301 et
603 3237 700 3304 sottoo
723 3248 752 3303 et
774 3240 923 3303 eminenti
947 3240 1050 3304 meam
1073 3242 1207 3316 babent,
1234 3244 1270 3304 in
1299 3240 1416 3322 tipnido
1437 3241 1578 3303 minime.
1601 3277 1604 3283 -

446 3354 566 3421 contra
591 3358 768 3422 tenebrosae
790 3368 920 3440 portes,
946 3368 1038 3423 norae
1059 3361 1257 3441 antiquitas,
1281 3371 1357 3424 sant
1379 3358 1581 3442 aequabiles:
1686 3428 1688 3432 ,

449 3475 625 3540 tenebrosae
646 3486 753 3558 portes
777 3478 864 3542 tortis
886 3479 1123 3552 illuminantur,
1147 3479 1231 3561 qnod
1253 3497 1362 3542 earnm
1385 3481 1492 3560 arpnit
1516 3480 1576 3541 bn·

445 3594 616 3669 mititatem,
630 3615 705 3660 anm
717 3597 960 3662 circumstantes
974 3601 1140 3662 eminentes
1153 3598 1225 3677 jam
1243 3598 1331 3678 ionpe
1362 3598 1481 3680 totepoe
1512 3598 1578 3662 eoi·

444 3711 568 3778 lassam
581 3723 611 3778 et
628 3732 650 3778 a
666 3716 832 3780 tenebrosis
855 3717 1040 3781 iiinminatis
1065 3718 1191 3797 niprore
1207 3717 1344 3800 qaedam
1362 3717 1446 3779 oetnt
1464 3718 1577 3781 ambra

446 3828 710 3911 aistinpnantnrs
732 3833 815 3898 tineo
837 3835 1077 3900 iiiaminationis
1093 3836 1127 3896 in
1150 3843 1239 3916 parte
1255 3833 1515 3897 tenebrosareoto
1533 3839 1576 3894 est

442 3948 479 4011 itt
501 3949 655 4030 quadritr
676 3969 758 4033 qnae
780 3952 917 4016 oioissim
940 3955 974 4016 in
997 3955 1159 4017 bnmorem
1181 3959 1361 4033 competant
1385 3951 1450 4012 ima
1468 3956 1578 4029 peten-

445 4076 519 4144 tem,
541 4078 573 4132 et
592 4069 727 4153 pondere
748 4086 806 4134 sno
827 4072 937 4152 [mom
958 4072 1000 4136 aa
1023 4071 1252 4154 aequilibrium.

533 4186 595 4252 His
617 4191 748 4272 inquam
770 4191 968 4272 orpnmentit
982 4189 1075 4271 piane
1093 4189 1286 4269 satisfecisti:
1301 4186 1339 4251 tio
1354 4186 1492 4250 maemas
1514 4197 1578 4243 esse

442 4306 572 4380 maria,
594 4304 634 4370 oo
656 4308 773 4373 ineidat
795 4318 899 4390 portes
923 4325 987 4372 este
1010 4319 1137 4371 terram.

533 4422 641 4508 Nepae
672 4427 746 4492 basa
781 4436 837 4490 tna
871 4427 1087 4507 emperimenta
1107 4425 1396 4506 perspicacissimo,
1431 4420 1477 4483 oet
1510 4434 1580 4479 meo

443 4544 545 4625 imina
574 4546 747 4612 testimonio
774 4554 892 4610 rorent.
927 4543 1010 4608 Nam
1043 4543 1095 4624 [oi.
1125 4542 1191 4607 2⁴8
1218 4543 1331 4623 optioes
1364 4558 1451 4604 meae
1484 4535 1580 4598 babes

443 4656 557 4724 Lanae
580 4661 709 4726 biseotae
734 4663 846 4726 tineam
869 4670 1052 4736 tortuosam,
1077 4677 1118 4722 ea
1141 4677 1204 4740 qno
1225 4658 1314 4722 eliani
1338 4642 1526 4721 eminentias
1548 4661 1581 4712 et

446 4775 655 4858 depressiones
678 4781 711 4842 in
738 4780 844 4846 Lanae
872 4797 1008 4861 corpore.
1035 4777 1102 4842 Foi.
1138 4777 1203 4842 ‘250
1224 4777 1368 4870 ⁴esitibeo
1391 4773 1521 4837 bonosi
1542 4770 1580 4829 i·
