<?xml version="1.0" encoding="UTF-8"?>
<!DOCTYPE html PUBLIC "-//W3C//DTD XHTML 1.0 Transitional//EN"
    "http://www.w3.org/TR/xhtml1/DTD/xhtml1-transitional.dtd">
<html xmlns="http://www.w3.org/1999/xhtml" xml:lang="en" lang="en">
 <head>
  <title>
</title>
<meta http-equiv="Content-Type" content="text/html;charset=utf-8" />
  <meta name='ocr-system' content='tesseract 3.04.00' />
  <meta name='ocr-capabilities' content='ocr_page ocr_carea ocr_par ocr_line ocrx_word'/>
</head>
<body>
  <div class='ocr_page' id='page_1' title='image "./leoperedigalile01vivigoog_0388.png"; bbox 0 0 4109 5934; ppageno 0'>
   <div class='ocr_carea' id='block_1_1' title="bbox 838 706 1572 773">
    <p class='ocr_par' dir='ltr' id='par_1_1' title="bbox 838 706 1572 773">
     <span class='ocr_line' id='line_1_1' title="bbox 838 706 1572 773; baseline -0.001 -1"><span class='ocrx_word' id='word_1_1' title='bbox 838 724 895 772; x_wconf 80' lang='lat' dir='ltr'><strong>ons</strong></span> <span class='ocrx_word' id='word_1_2' title='bbox 914 723 1203 772; x_wconf 79' lang='lat' dir='ltr'><strong>surusnvsnrenorr</strong></span> <span class='ocrx_word' id='word_1_3' title='bbox 1513 706 1572 773; x_wconf 76' lang='lat' dir='ltr'><strong>scr</strong></span> 
     </span>
    </p>
   </div>
   <div class='ocr_carea' id='block_1_2' title="bbox 438 852 1590 3415">
    <p class='ocr_par' dir='ltr' id='par_1_2' title="bbox 438 852 1589 2807">
     <span class='ocr_line' id='line_1_2' title="bbox 460 852 1575 928; baseline -0.001 -7"><span class='ocrx_word' id='word_1_4' title='bbox 460 858 564 923; x_wconf 89' lang='lat' dir='ltr'><strong>tiones</strong></span> <span class='ocrx_word' id='word_1_5' title='bbox 585 859 618 919; x_wconf 89' lang='lat' dir='ltr'><strong>ot</strong></span> <span class='ocrx_word' id='word_1_6' title='bbox 639 853 806 919; x_wconf 88' lang='lat' dir='ltr'><strong>calculum</strong></span> <span class='ocrx_word' id='word_1_7' title='bbox 824 852 1116 928; x_wconf 89' lang='lat' dir='ltr'><strong>animadvertebat,</strong></span> <span class='ocrx_word' id='word_1_8' title='bbox 1134 853 1176 917; x_wconf 90' lang='lat' dir='ltr'><strong>ad</strong></span> <span class='ocrx_word' id='word_1_9' title='bbox 1194 852 1341 916; x_wconf 91' lang='lat' dir='ltr'><strong>eamdem</strong></span> <span class='ocrx_word' id='word_1_10' title='bbox 1359 854 1486 919; x_wconf 87' lang='lat' dir='ltr'><strong>redibat</strong></span> <span class='ocrx_word' id='word_1_11' title='bbox 1500 874 1575 920; x_wconf 91' lang='lat' dir='ltr'><strong>rur·</strong></span> 
     </span>
     <span class='ocr_line' id='line_1_3' title="bbox 457 966 1577 1051; baseline -0.005 -12"><span class='ocrx_word' id='word_1_12' title='bbox 457 990 529 1047; x_wconf 86' lang='lat' dir='ltr'><strong>sus,</strong></span> <span class='ocrx_word' id='word_1_13' title='bbox 551 971 616 1035; x_wconf 90' lang='lat' dir='ltr'><strong>iilis</strong></span> <span class='ocrx_word' id='word_1_14' title='bbox 637 971 802 1051; x_wconf 80' lang='lat' dir='ltr'><strong>empiricis</strong></span> <span class='ocrx_word' id='word_1_15' title='bbox 826 986 941 1050; x_wconf 94' lang='lat' dir='ltr'><strong>parum</strong></span> <span class='ocrx_word' id='word_1_16' title='bbox 964 974 1136 1032; x_wconf 89' lang='lat' dir='ltr'><strong>contentus</strong></span> <span class='ocrx_word' id='word_1_17' title='bbox 1156 966 1454 1033; x_wconf 84' lang='lat' dir='ltr'><strong>modificationibus</strong></span> <span class='ocrx_word' id='word_1_18' title='bbox 1484 970 1577 1034; x_wconf 91' lang='lat' dir='ltr'><strong>iden·</strong></span> 
     </span>
     <span class='ocr_line' id='line_1_4' title="bbox 458 1085 1578 1167; baseline -0.003 -12"><span class='ocrx_word' id='word_1_19' title='bbox 458 1090 561 1155; x_wconf 89' lang='lat' dir='ltr'><strong>tidem</strong></span> <span class='ocrx_word' id='word_1_20' title='bbox 581 1089 726 1153; x_wconf 75' lang='lat' dir='ltr'><strong>adscitis.</strong></span> <span class='ocrx_word' id='word_1_21' title='bbox 758 1088 857 1167; x_wconf 90' lang='lat' dir='ltr'><strong>idque</strong></span> <span class='ocrx_word' id='word_1_22' title='bbox 878 1104 917 1150; x_wconf 90' lang='lat' dir='ltr'><strong>eo</strong></span> <span class='ocrx_word' id='word_1_23' title='bbox 940 1087 1094 1150; x_wconf 89' lang='lat' dir='ltr'><strong>libentius</strong></span> <span class='ocrx_word' id='word_1_24' title='bbox 1126 1085 1265 1149; x_wconf 84' lang='lat' dir='ltr'><strong>faciebat</strong></span> <span class='ocrx_word' id='word_1_25' title='bbox 1299 1091 1471 1166; x_wconf 85' lang='lat' dir='ltr'><strong>postquam</strong></span> <span class='ocrx_word' id='word_1_26' title='bbox 1505 1088 1578 1152; x_wconf 88' lang='lat' dir='ltr'><strong>iilos</strong></span> 
     </span>
     <span class='ocr_line' id='line_1_5' title="bbox 457 1186 1578 1289; baseline -0.006 -14"><span class='ocrx_word' id='word_1_27' title='bbox 457 1186 578 1285; x_wconf 92' lang='lat' dir='ltr'><strong>motus,</strong></span> <span class='ocrx_word' id='word_1_28' title='bbox 599 1208 794 1289; x_wconf 85' lang='lat' dir='ltr'><strong>quandoque</strong></span> <span class='ocrx_word' id='word_1_29' title='bbox 809 1206 949 1269; x_wconf 90' lang='lat' dir='ltr'><strong>muitum</strong></span> <span class='ocrx_word' id='word_1_30' title='bbox 972 1207 1013 1268; x_wconf 93' lang='lat' dir='ltr'><strong>ab</strong></span> <span class='ocrx_word' id='word_1_31' title='bbox 1031 1205 1260 1268; x_wconf 86' lang='lat' dir='ltr'><strong>observatione</strong></span> <span class='ocrx_word' id='word_1_32' title='bbox 1273 1204 1460 1285; x_wconf 81' lang='lat' dir='ltr'><strong>discrepare</strong></span> <span class='ocrx_word' id='word_1_33' title='bbox 1474 1206 1578 1272; x_wconf 85' lang='lat' dir='ltr'><strong>vidis·</strong></span> 
     </span>
     <span class='ocr_line' id='line_1_6' title="bbox 459 1322 1577 1407; baseline -0.008 -15"><span class='ocrx_word' id='word_1_34' title='bbox 459 1334 520 1404; x_wconf 87' lang='lat' dir='ltr'><strong>set,</strong></span> <span class='ocrx_word' id='word_1_35' title='bbox 541 1342 660 1407; x_wconf 84' lang='lat' dir='ltr'><strong>eosque</strong></span> <span class='ocrx_word' id='word_1_36' title='bbox 684 1329 793 1405; x_wconf 88' lang='lat' dir='ltr'><strong>postea</strong></span> <span class='ocrx_word' id='word_1_37' title='bbox 815 1322 855 1385; x_wconf 92' lang='lat' dir='ltr'><strong>de</strong></span> <span class='ocrx_word' id='word_1_38' title='bbox 878 1322 1057 1403; x_wconf 88' lang='lat' dir='ltr'><strong>improviso</strong></span> <span class='ocrx_word' id='word_1_39' title='bbox 1078 1337 1154 1383; x_wconf 92' lang='lat' dir='ltr'><strong>cum</strong></span> <span class='ocrx_word' id='word_1_40' title='bbox 1177 1337 1217 1382; x_wconf 90' lang='lat' dir='ltr'><strong>ea</strong></span> <span class='ocrx_word' id='word_1_41' title='bbox 1238 1338 1429 1402; x_wconf 83' lang='lat' dir='ltr'><strong>congruere,</strong></span> <span class='ocrx_word' id='word_1_42' title='bbox 1445 1322 1496 1385; x_wconf 87' lang='lat' dir='ltr'><strong>vei</strong></span> <span class='ocrx_word' id='word_1_43' title='bbox 1513 1323 1577 1386; x_wconf 92' lang='lat' dir='ltr'><strong>mi·</strong></span> 
     </span>
     <span class='ocr_line' id='line_1_7' title="bbox 458 1438 1581 1522; baseline -0.005 -12"><span class='ocrx_word' id='word_1_44' title='bbox 458 1462 523 1511; x_wconf 89' lang='lat' dir='ltr'><strong>uus</strong></span> <span class='ocrx_word' id='word_1_45' title='bbox 545 1446 588 1508; x_wconf 91' lang='lat' dir='ltr'><strong>ab</strong></span> <span class='ocrx_word' id='word_1_46' title='bbox 610 1462 649 1507; x_wconf 92' lang='lat' dir='ltr'><strong>ea</strong></span> <span class='ocrx_word' id='word_1_47' title='bbox 670 1442 799 1507; x_wconf 78' lang='lat' dir='ltr'><strong>differre</strong></span> <span class='ocrx_word' id='word_1_48' title='bbox 817 1458 917 1522; x_wconf 90' lang='lat' dir='ltr'><strong>quam</strong></span> <span class='ocrx_word' id='word_1_49' title='bbox 939 1445 1057 1513; x_wconf 91' lang='lat' dir='ltr'><strong>antea,</strong></span> <span class='ocrx_word' id='word_1_50' title='bbox 1080 1444 1118 1502; x_wconf 91' lang='lat' dir='ltr'><strong>ut</strong></span> <span class='ocrx_word' id='word_1_51' title='bbox 1150 1438 1281 1503; x_wconf 89' lang='lat' dir='ltr'><strong>evenire</strong></span> <span class='ocrx_word' id='word_1_52' title='bbox 1307 1440 1492 1504; x_wconf 74' lang='lat' dir='ltr'><strong>necessario</strong></span> <span class='ocrx_word' id='word_1_53' title='bbox 1524 1441 1581 1504; x_wconf 93' lang='lat' dir='ltr'><strong>de·</strong></span> 
     </span>
     <span class='ocr_line' id='line_1_8' title="bbox 460 1558 1582 1641; baseline -0.004 -13"><span class='ocrx_word' id='word_1_54' title='bbox 460 1564 559 1629; x_wconf 86' lang='lat' dir='ltr'><strong>bebat</strong></span> <span class='ocrx_word' id='word_1_55' title='bbox 577 1562 634 1626; x_wconf 93' lang='lat' dir='ltr'><strong>ubi</strong></span> <span class='ocrx_word' id='word_1_56' title='bbox 651 1578 742 1624; x_wconf 93' lang='lat' dir='ltr'><strong>error</strong></span> <span class='ocrx_word' id='word_1_57' title='bbox 764 1561 806 1623; x_wconf 90' lang='lat' dir='ltr'><strong>ab</strong></span> <span class='ocrx_word' id='word_1_58' title='bbox 829 1558 1016 1641; x_wconf 79' lang='lat' dir='ltr'><strong>imperfecta</strong></span> <span class='ocrx_word' id='word_1_59' title='bbox 1039 1560 1282 1640; x_wconf 87' lang='lat' dir='ltr'><strong>computatione</strong></span> <span class='ocrx_word' id='word_1_60' title='bbox 1303 1559 1487 1623; x_wconf 90' lang='lat' dir='ltr'><strong>mediorum</strong></span> <span class='ocrx_word' id='word_1_61' title='bbox 1509 1577 1582 1624; x_wconf 91' lang='lat' dir='ltr'><strong>mo·</strong></span> 
     </span>
     <span class='ocr_line' id='line_1_9' title="bbox 460 1676 1582 1758; baseline -0.002 -13"><span class='ocrx_word' id='word_1_62' title='bbox 460 1686 559 1745; x_wconf 86' lang='lat' dir='ltr'><strong>tuum</strong></span> <span class='ocrx_word' id='word_1_63' title='bbox 581 1680 747 1744; x_wconf 75' lang='lat' dir='ltr'><strong>oriebatur</strong></span> <span class='ocrx_word' id='word_1_64' title='bbox 769 1678 890 1753; x_wconf 91' lang='lat' dir='ltr'><strong>minus,</strong></span> <span class='ocrx_word' id='word_1_65' title='bbox 913 1694 1012 1757; x_wconf 90' lang='lat' dir='ltr'><strong>quam</strong></span> <span class='ocrx_word' id='word_1_66' title='bbox 1035 1693 1055 1739; x_wconf 89' lang='lat' dir='ltr'><strong>a</strong></span> <span class='ocrx_word' id='word_1_67' title='bbox 1079 1676 1284 1758; x_wconf 88' lang='lat' dir='ltr'><strong>planetarum</strong></span> <span class='ocrx_word' id='word_1_68' title='bbox 1306 1679 1582 1756; x_wconf 87' lang='lat' dir='ltr'><strong>aberrationibus,</strong></span> 
     </span>
     <span class='ocr_line' id='line_1_10' title="bbox 460 1794 1583 1880; baseline 0 -18"><span class='ocrx_word' id='word_1_69' title='bbox 460 1814 608 1880; x_wconf 81' lang='lat' dir='ltr'><strong>quaeso</strong></span> <span class='ocrx_word' id='word_1_70' title='bbox 629 1798 735 1880; x_wconf 87' lang='lat' dir='ltr'><strong>magis</strong></span> <span class='ocrx_word' id='word_1_71' title='bbox 757 1797 842 1860; x_wconf 92' lang='lat' dir='ltr'><strong>inter</strong></span> <span class='ocrx_word' id='word_1_72' title='bbox 863 1814 898 1860; x_wconf 91' lang='lat' dir='ltr'><strong>se</strong></span> <span class='ocrx_word' id='word_1_73' title='bbox 925 1794 1093 1859; x_wconf 89' lang='lat' dir='ltr'><strong>eliduntur</strong></span> <span class='ocrx_word' id='word_1_74' title='bbox 1125 1795 1176 1859; x_wconf 89' lang='lat' dir='ltr'><strong>vel</strong></span> <span class='ocrx_word' id='word_1_75' title='bbox 1210 1801 1485 1877; x_wconf 77' lang='lat' dir='ltr'><strong>compensantur,</strong></span> <span class='ocrx_word' id='word_1_76' title='bbox 1517 1815 1583 1879; x_wconf 87' lang='lat' dir='ltr'><strong>quo</strong></span> 
     </span>
     <span class='ocr_line' id='line_1_11' title="bbox 462 1912 1582 1999; baseline -0.001 -18"><span class='ocrx_word' id='word_1_77' title='bbox 462 1917 570 1999; x_wconf 87' lang='lat' dir='ltr'><strong>magis</strong></span> <span class='ocrx_word' id='word_1_78' title='bbox 592 1921 737 1996; x_wconf 91' lang='lat' dir='ltr'><strong>tempora</strong></span> <span class='ocrx_word' id='word_1_79' title='bbox 760 1914 881 1978; x_wconf 87' lang='lat' dir='ltr'><strong>distare</strong></span> <span class='ocrx_word' id='word_1_80' title='bbox 902 1918 1129 1978; x_wconf 90' lang='lat' dir='ltr'><strong>consuescunt.</strong></span> <span class='ocrx_word' id='word_1_81' title='bbox 1153 1912 1358 1995; x_wconf 83' lang='lat' dir='ltr'><strong>Quapropter</strong></span> <span class='ocrx_word' id='word_1_82' title='bbox 1378 1932 1420 1978; x_wconf 88' lang='lat' dir='ltr'><strong>ex</strong></span> <span class='ocrx_word' id='word_1_83' title='bbox 1438 1916 1582 1998; x_wconf 88' lang='lat' dir='ltr'><strong>eoquod</strong></span> 
     </span>
     <span class='ocr_line' id='line_1_12' title="bbox 441 2031 1584 2114; baseline -0.001 -15"><span class='ocrx_word' id='word_1_84' title='bbox 441 2032 577 2111; x_wconf 75' lang='lat' dir='ltr'><strong>¹eudem</strong></span> <span class='ocrx_word' id='word_1_85' title='bbox 599 2033 760 2098; x_wconf 86' lang='lat' dir='ltr'><strong>elementa</strong></span> <span class='ocrx_word' id='word_1_86' title='bbox 783 2032 945 2095; x_wconf 84' lang='lat' dir='ltr'><strong>maximas</strong></span> <span class='ocrx_word' id='word_1_87' title='bbox 968 2031 1204 2113; x_wconf 88' lang='lat' dir='ltr'><strong>discrepantias</strong></span> <span class='ocrx_word' id='word_1_88' title='bbox 1226 2032 1311 2096; x_wconf 91' lang='lat' dir='ltr'><strong>inter</strong></span> <span class='ocrx_word' id='word_1_89' title='bbox 1333 2034 1499 2114; x_wconf 91' lang='lat' dir='ltr'><strong>proximas</strong></span> <span class='ocrx_word' id='word_1_90' title='bbox 1523 2036 1584 2098; x_wconf 86' lang='lat' dir='ltr'><strong>ob·</strong></span> 
     </span>
     <span class='ocr_line' id='line_1_13' title="bbox 461 2150 1584 2224; baseline -0.002 -7"><span class='ocrx_word' id='word_1_91' title='bbox 461 2152 665 2217; x_wconf 88' lang='lat' dir='ltr'><strong>servationes</strong></span> <span class='ocrx_word' id='word_1_92' title='bbox 687 2150 904 2224; x_wconf 82' lang='lat' dir='ltr'><strong>exhibebant,</strong></span> <span class='ocrx_word' id='word_1_93' title='bbox 927 2156 960 2214; x_wconf 94' lang='lat' dir='ltr'><strong>et</strong></span> <span class='ocrx_word' id='word_1_94' title='bbox 983 2151 1137 2214; x_wconf 90' lang='lat' dir='ltr'><strong>minimas</strong></span> <span class='ocrx_word' id='word_1_95' title='bbox 1159 2150 1244 2213; x_wconf 92' lang='lat' dir='ltr'><strong>inter</strong></span> <span class='ocrx_word' id='word_1_96' title='bbox 1266 2152 1510 2216; x_wconf 89' lang='lat' dir='ltr'><strong>observationes</strong></span> <span class='ocrx_word' id='word_1_97' title='bbox 1531 2170 1584 2215; x_wconf 91' lang='lat' dir='ltr'><strong>re·</strong></span> 
     </span>
     <span class='ocr_line' id='line_1_14' title="bbox 461 2269 1585 2352; baseline -0.001 -17"><span class='ocrx_word' id='word_1_98' title='bbox 461 2275 581 2346; x_wconf 87' lang='lat' dir='ltr'><strong>motas,</strong></span> <span class='ocrx_word' id='word_1_99' title='bbox 602 2270 827 2352; x_wconf 89' lang='lat' dir='ltr'><strong>argumentari</strong></span> <span class='ocrx_word' id='word_1_100' title='bbox 851 2269 1021 2333; x_wconf 85' lang='lat' dir='ltr'><strong>Renierius</strong></span> <span class='ocrx_word' id='word_1_101' title='bbox 1046 2274 1181 2350; x_wconf 92' lang='lat' dir='ltr'><strong>poterat,</strong></span> <span class='ocrx_word' id='word_1_102' title='bbox 1203 2269 1291 2349; x_wconf 88' lang='lat' dir='ltr'><strong>quod</strong></span> <span class='ocrx_word' id='word_1_103' title='bbox 1309 2286 1400 2333; x_wconf 89' lang='lat' dir='ltr'><strong>error</strong></span> <span class='ocrx_word' id='word_1_104' title='bbox 1415 2270 1489 2333; x_wconf 89' lang='lat' dir='ltr'><strong>aliis</strong></span> <span class='ocrx_word' id='word_1_105' title='bbox 1503 2288 1585 2334; x_wconf 91' lang='lat' dir='ltr'><strong>cau·</strong></span> 
     </span>
     <span class='ocr_line' id='line_1_15' title="bbox 463 2387 1587 2468; baseline -0.001 -15"><span class='ocrx_word' id='word_1_106' title='bbox 463 2388 530 2466; x_wconf 88' lang='lat' dir='ltr'><strong>sis,</strong></span> <span class='ocrx_word' id='word_1_107' title='bbox 552 2389 689 2452; x_wconf 91' lang='lat' dir='ltr'><strong>minime</strong></span> <span class='ocrx_word' id='word_1_108' title='bbox 712 2404 790 2452; x_wconf 89' lang='lat' dir='ltr'><strong>vero</strong></span> <span class='ocrx_word' id='word_1_109' title='bbox 813 2387 992 2451; x_wconf 78' lang='lat' dir='ltr'><strong>defectivae</strong></span> <span class='ocrx_word' id='word_1_110' title='bbox 1025 2388 1262 2468; x_wconf 90' lang='lat' dir='ltr'><strong>computationi</strong></span> <span class='ocrx_word' id='word_1_111' title='bbox 1296 2387 1480 2452; x_wconf 91' lang='lat' dir='ltr'><strong>mediorum</strong></span> <span class='ocrx_word' id='word_1_112' title='bbox 1514 2405 1587 2452; x_wconf 94' lang='lat' dir='ltr'><strong>mo-</strong></span> 
     </span>
     <span class='ocr_line' id='line_1_16' title="bbox 462 2505 1587 2588; baseline -0.001 -17"><span class='ocrx_word' id='word_1_113' title='bbox 462 2512 579 2578; x_wconf 88' lang='lat' dir='ltr'><strong>tuum,</strong></span> <span class='ocrx_word' id='word_1_114' title='bbox 613 2506 847 2570; x_wconf 88' lang='lat' dir='ltr'><strong>adscribendus</strong></span> <span class='ocrx_word' id='word_1_115' title='bbox 882 2510 977 2578; x_wconf 91' lang='lat' dir='ltr'><strong>erat,</strong></span> <span class='ocrx_word' id='word_1_116' title='bbox 1011 2505 1091 2569; x_wconf 93' lang='lat' dir='ltr'><strong>dum</strong></span> <span class='ocrx_word' id='word_1_117' title='bbox 1125 2507 1153 2569; x_wconf 92' lang='lat' dir='ltr'><strong>is</strong></span> <span class='ocrx_word' id='word_1_118' title='bbox 1187 2522 1226 2568; x_wconf 90' lang='lat' dir='ltr'><strong>eo</strong></span> <span class='ocrx_word' id='word_1_119' title='bbox 1259 2506 1366 2588; x_wconf 89' lang='lat' dir='ltr'><strong>magis</strong></span> <span class='ocrx_word' id='word_1_120' title='bbox 1401 2523 1587 2570; x_wconf 85' lang='lat' dir='ltr'><strong>accrescere</strong></span> 
     </span>
     <span class='ocr_line' id='line_1_17' title="bbox 465 2623 1589 2705; baseline -0.002 -15"><span class='ocrx_word' id='word_1_121' title='bbox 465 2624 653 2699; x_wconf 82' lang='lat' dir='ltr'><strong>debuisset,</strong></span> <span class='ocrx_word' id='word_1_122' title='bbox 679 2641 744 2704; x_wconf 92' lang='lat' dir='ltr'><strong>quo</strong></span> <span class='ocrx_word' id='word_1_123' title='bbox 771 2623 930 2705; x_wconf 90' lang='lat' dir='ltr'><strong>majorem</strong></span> <span class='ocrx_word' id='word_1_124' title='bbox 957 2623 1226 2686; x_wconf 88' lang='lat' dir='ltr'><strong>observationum</strong></span> <span class='ocrx_word' id='word_1_125' title='bbox 1261 2627 1409 2704; x_wconf 90' lang='lat' dir='ltr'><strong>tempora</strong></span> <span class='ocrx_word' id='word_1_126' title='bbox 1442 2626 1527 2687; x_wconf 90' lang='lat' dir='ltr'><strong>inter</strong></span> <span class='ocrx_word' id='word_1_127' title='bbox 1554 2643 1589 2689; x_wconf 90' lang='lat' dir='ltr'><strong>se</strong></span> 
     </span>
     <span class='ocr_line' id='line_1_18' title="bbox 438 2740 925 2807; baseline -0.008 0"><span class='ocrx_word' id='word_1_128' title='bbox 438 2752 446 2771; x_wconf 91' lang='grc'><strong>’</strong></span> <span class='ocrx_word' id='word_1_129' title='bbox 473 2740 666 2807; x_wconf 83' lang='lat' dir='ltr'><strong>distantiam</strong></span> <span class='ocrx_word' id='word_1_130' title='bbox 690 2741 925 2805; x_wconf 81' lang='lat' dir='ltr'><strong>exhibuissent.</strong></span> 
     </span>
    </p>

    <p class='ocr_par' dir='ltr' id='par_1_3' title="bbox 464 2859 1590 3415">
     <span class='ocr_line' id='line_1_19' title="bbox 552 2859 1589 2940; baseline 0 -16"><span class='ocrx_word' id='word_1_131' title='bbox 552 2859 735 2934; x_wconf 84' lang='lat' dir='ltr'><strong>Renierius,</strong></span> <span class='ocrx_word' id='word_1_132' title='bbox 757 2860 825 2940; x_wconf 87' lang='lat' dir='ltr'><strong>qui,</strong></span> <span class='ocrx_word' id='word_1_133' title='bbox 847 2876 912 2923; x_wconf 91' lang='lat' dir='ltr'><strong>non</strong></span> <span class='ocrx_word' id='word_1_134' title='bbox 935 2861 1044 2924; x_wconf 91' lang='lat' dir='ltr'><strong>minus</strong></span> <span class='ocrx_word' id='word_1_135' title='bbox 1067 2877 1167 2940; x_wconf 90' lang='lat' dir='ltr'><strong>quam</strong></span> <span class='ocrx_word' id='word_1_136' title='bbox 1190 2866 1287 2923; x_wconf 90' lang='lat' dir='ltr'><strong>antea</strong></span> <span class='ocrx_word' id='word_1_137' title='bbox 1304 2859 1482 2936; x_wconf 85' lang='lat' dir='ltr'><strong>Galilaeus,</strong></span> <span class='ocrx_word' id='word_1_138' title='bbox 1498 2861 1539 2925; x_wconf 90' lang='lat' dir='ltr'><strong>ad</strong></span> <span class='ocrx_word' id='word_1_139' title='bbox 1556 2861 1589 2925; x_wconf 97' lang='lat' dir='ltr'><strong>id</strong></span> 
     </span>
     <span class='ocr_line' id='line_1_20' title="bbox 464 2978 1590 3053; baseline 0 -10"><span class='ocrx_word' id='word_1_140' title='bbox 464 2978 696 3053; x_wconf 85' lang='lat' dir='ltr'><strong>incumbebat,</strong></span> <span class='ocrx_word' id='word_1_141' title='bbox 718 2983 756 3042; x_wconf 90' lang='lat' dir='ltr'><strong>ut</strong></span> <span class='ocrx_word' id='word_1_142' title='bbox 783 2995 825 3041; x_wconf 89' lang='lat' dir='ltr'><strong>ex</strong></span> <span class='ocrx_word' id='word_1_143' title='bbox 858 2979 1082 3042; x_wconf 89' lang='lat' dir='ltr'><strong>Medicearum</strong></span> <span class='ocrx_word' id='word_1_144' title='bbox 1111 2978 1288 3044; x_wconf 89' lang='lat' dir='ltr'><strong>Stellarum</strong></span> <span class='ocrx_word' id='word_1_145' title='bbox 1320 2979 1590 3043; x_wconf 86' lang='lat' dir='ltr'><strong>conversionibus</strong></span> 
     </span>
     <span class='ocr_line' id='line_1_21' title="bbox 464 3092 1590 3178; baseline 0.001 -19"><span class='ocrx_word' id='word_1_146' title='bbox 464 3092 708 3178; x_wconf 80' lang='lat' dir='ltr'><strong>longitudinum</strong></span> <span class='ocrx_word' id='word_1_147' title='bbox 733 3097 937 3160; x_wconf 89' lang='lat' dir='ltr'><strong>terrestrium</strong></span> <span class='ocrx_word' id='word_1_148' title='bbox 960 3099 1226 3160; x_wconf 89' lang='lat' dir='ltr'><strong>constitutionem</strong></span> <span class='ocrx_word' id='word_1_149' title='bbox 1242 3097 1429 3172; x_wconf 90' lang='lat' dir='ltr'><strong>deduceret,</strong></span> <span class='ocrx_word' id='word_1_150' title='bbox 1443 3114 1509 3162; x_wconf 89' lang='lat' dir='ltr'><strong>non</strong></span> <span class='ocrx_word' id='word_1_151' title='bbox 1524 3098 1590 3162; x_wconf 91' lang='lat' dir='ltr'><strong>mi·</strong></span> 
     </span>
     <span class='ocr_line' id='line_1_22' title="bbox 464 3213 1588 3297; baseline 0.002 -18"><span class='ocrx_word' id='word_1_152' title='bbox 464 3213 538 3279; x_wconf 88' lang='lat' dir='ltr'><strong>nori</strong></span> <span class='ocrx_word' id='word_1_153' title='bbox 560 3213 731 3297; x_wconf 82' lang='lat' dir='ltr'><strong>diligentia</strong></span> <span class='ocrx_word' id='word_1_154' title='bbox 753 3231 832 3278; x_wconf 90' lang='lat' dir='ltr'><strong>usus</strong></span> <span class='ocrx_word' id='word_1_155' title='bbox 854 3220 914 3290; x_wconf 91' lang='lat' dir='ltr'><strong>est,</strong></span> <span class='ocrx_word' id='word_1_156' title='bbox 935 3232 1035 3295; x_wconf 84' lang='lat' dir='ltr'><strong>quam</strong></span> <span class='ocrx_word' id='word_1_157' title='bbox 1057 3215 1128 3297; x_wconf 83' lang='lat' dir='ltr'><strong>ejus</strong></span> <span class='ocrx_word' id='word_1_158' title='bbox 1142 3217 1310 3297; x_wconf 86' lang='lat' dir='ltr'><strong>magister,</strong></span> <span class='ocrx_word' id='word_1_159' title='bbox 1326 3217 1360 3279; x_wconf 92' lang='lat' dir='ltr'><strong>in</strong></span> <span class='ocrx_word' id='word_1_160' title='bbox 1375 3217 1588 3282; x_wconf 87' lang='lat' dir='ltr'><strong>observandis</strong></span> 
     </span>
     <span class='ocr_line' id='line_1_23' title="bbox 465 3333 1590 3415; baseline 0.002 -17"><span class='ocrx_word' id='word_1_161' title='bbox 465 3349 581 3398; x_wconf 84' lang='lat' dir='ltr'><strong>carum</strong></span> <span class='ocrx_word' id='word_1_162' title='bbox 603 3333 789 3415; x_wconf 88' lang='lat' dir='ltr'><strong>eciipsibus,</strong></span> <span class='ocrx_word' id='word_1_163' title='bbox 811 3334 963 3414; x_wconf 81' lang='lat' dir='ltr'><strong>quamvis</strong></span> <span class='ocrx_word' id='word_1_164' title='bbox 986 3334 1020 3395; x_wconf 95' lang='lat' dir='ltr'><strong>id</strong></span> <span class='ocrx_word' id='word_1_165' title='bbox 1042 3333 1184 3398; x_wconf 84' lang='lat' dir='ltr'><strong>loannes</strong></span> <span class='ocrx_word' id='word_1_166' title='bbox 1206 3335 1397 3400; x_wconf 89' lang='lat' dir='ltr'><strong>Dominicus</strong></span> <span class='ocrx_word' id='word_1_167' title='bbox 1420 3334 1590 3402; x_wconf 84' lang='lat' dir='ltr'><strong>Cossinius</strong></span> 
     </span>
    </p>
   </div>
   <div class='ocr_carea' id='block_1_3' title="bbox 466 3437 1697 3536">
    <p class='ocr_par' dir='ltr' id='par_1_4' title="bbox 466 3437 1697 3536">
     <span class='ocr_line' id='line_1_24' title="bbox 466 3437 1697 3536; baseline 0.002 -20"><span class='ocrx_word' id='word_1_168' title='bbox 466 3450 507 3516; x_wconf 84' lang='lat' dir='ltr'><strong>tle</strong></span> <span class='ocrx_word' id='word_1_169' title='bbox 528 3454 667 3532; x_wconf 87' lang='lat' dir='ltr'><strong>utroque</strong></span> <span class='ocrx_word' id='word_1_170' title='bbox 690 3453 890 3534; x_wconf 87' lang='lat' dir='ltr'><strong>denegasset,</strong></span> <span class='ocrx_word' id='word_1_171' title='bbox 913 3456 950 3514; x_wconf 94' lang='lat' dir='ltr'><strong>ut</strong></span> <span class='ocrx_word' id='word_1_172' title='bbox 972 3467 1032 3514; x_wconf 87' lang='lat' dir='ltr'><strong>nos</strong></span> <span class='ocrx_word' id='word_1_173' title='bbox 1054 3451 1088 3514; x_wconf 88' lang='lat' dir='ltr'><strong>in</strong></span> <span class='ocrx_word' id='word_1_174' title='bbox 1105 3450 1335 3531; x_wconf 81' lang='lat' dir='ltr'><strong>praetactione,</strong></span> <span class='ocrx_word' id='word_1_175' title='bbox 1353 3469 1427 3536; x_wconf 87' lang='lat' dir='ltr'><strong>pag.</strong></span> <span class='ocrx_word' id='word_1_176' title='bbox 1446 3473 1479 3528; x_wconf 90' lang='lat' dir='ltr'><strong>x,</strong></span> <span class='ocrx_word' id='word_1_177' title='bbox 1494 3471 1587 3518; x_wconf 91' lang='lat' dir='ltr'><strong>men·</strong></span> <span class='ocrx_word' id='word_1_178' title='bbox 1695 3437 1697 3439; x_wconf 30' lang='lat'>¹</span> 
     </span>
    </p>
   </div>
   <div class='ocr_carea' id='block_1_4' title="bbox 466 3568 1597 4831">
    <p class='ocr_par' dir='ltr' id='par_1_5' title="bbox 466 3568 1597 4831">
     <span class='ocr_line' id='line_1_25' title="bbox 466 3568 1592 3652; baseline 0.003 -20"><span class='ocrx_word' id='word_1_179' title='bbox 466 3568 589 3633; x_wconf 86' lang='lat' dir='ltr'><strong>tionem</strong></span> <span class='ocrx_word' id='word_1_180' title='bbox 612 3568 757 3633; x_wconf 83' lang='lat' dir='ltr'><strong>fecimus.</strong></span> <span class='ocrx_word' id='word_1_181' title='bbox 786 3569 828 3634; x_wconf 93' lang='lat' dir='ltr'><strong>Ut</strong></span> <span class='ocrx_word' id='word_1_182' title='bbox 851 3586 929 3633; x_wconf 88' lang='lat' dir='ltr'><strong>vero</strong></span> <span class='ocrx_word' id='word_1_183' title='bbox 951 3568 1124 3632; x_wconf 88' lang='lat' dir='ltr'><strong>certiorem</strong></span> <span class='ocrx_word' id='word_1_184' title='bbox 1146 3568 1307 3632; x_wconf 91' lang='lat' dir='ltr'><strong>obtineret</strong></span> <span class='ocrx_word' id='word_1_185' title='bbox 1329 3575 1514 3652; x_wconf 91' lang='lat' dir='ltr'><strong>temporum</strong></span> <span class='ocrx_word' id='word_1_186' title='bbox 1536 3589 1592 3635; x_wconf 90' lang='lat' dir='ltr'><strong>as·</strong></span> 
     </span>
     <span class='ocr_line' id='line_1_26' title="bbox 467 3684 1590 3769; baseline 0.003 -18"><span class='ocrx_word' id='word_1_187' title='bbox 467 3684 705 3769; x_wconf 79' lang='lat' dir='ltr'><strong>signationem,</strong></span> <span class='ocrx_word' id='word_1_188' title='bbox 734 3686 776 3750; x_wconf 92' lang='lat' dir='ltr'><strong>ad</strong></span> <span class='ocrx_word' id='word_1_189' title='bbox 799 3686 944 3768; x_wconf 89' lang='lat' dir='ltr'><strong>aliquam</strong></span> <span class='ocrx_word' id='word_1_190' title='bbox 976 3686 1145 3751; x_wconf 89' lang='lat' dir='ltr'><strong>stellarum</strong></span> <span class='ocrx_word' id='word_1_191' title='bbox 1169 3686 1312 3751; x_wconf 88' lang='lat' dir='ltr'><strong>fixarum</strong></span> <span class='ocrx_word' id='word_1_192' title='bbox 1345 3689 1590 3754; x_wconf 87' lang='lat' dir='ltr'><strong>observationes</strong></span> 
     </span>
     <span class='ocr_line' id='line_1_27' title="bbox 466 3802 1591 3888; baseline 0.003 -21"><span class='ocrx_word' id='word_1_193' title='bbox 466 3802 580 3867; x_wconf 82' lang='lat' dir='ltr'><strong>retulit</strong></span> <span class='ocrx_word' id='word_1_194' title='bbox 600 3820 689 3878; x_wconf 87' lang='lat' dir='ltr'><strong>suas,</strong></span> <span class='ocrx_word' id='word_1_195' title='bbox 710 3806 745 3869; x_wconf 91' lang='lat' dir='ltr'><strong>in</strong></span> <span class='ocrx_word' id='word_1_196' title='bbox 763 3824 829 3886; x_wconf 87' lang='lat' dir='ltr'><strong>quo</strong></span> <span class='ocrx_word' id='word_1_197' title='bbox 848 3806 1054 3870; x_wconf 88' lang='lat' dir='ltr'><strong>solummodo</strong></span> <span class='ocrx_word' id='word_1_198' title='bbox 1070 3804 1218 3871; x_wconf 81' lang='lat' dir='ltr'><strong>Galliaco</strong></span> <span class='ocrx_word' id='word_1_199' title='bbox 1234 3807 1435 3888; x_wconf 90' lang='lat' dir='ltr'><strong>praestitisse</strong></span> <span class='ocrx_word' id='word_1_200' title='bbox 1450 3807 1591 3871; x_wconf 81' lang='lat' dir='ltr'><strong>videtur.</strong></span> 
     </span>
     <span class='ocr_line' id='line_1_28' title="bbox 467 3920 1590 4006; baseline 0.001 -18"><span class='ocrx_word' id='word_1_201' title='bbox 467 3920 538 3988; x_wconf 88' lang='lat' dir='ltr'><strong>llac</strong></span> <span class='ocrx_word' id='word_1_202' title='bbox 559 3939 595 3986; x_wconf 90' lang='lat' dir='ltr'><strong>re</strong></span> <span class='ocrx_word' id='word_1_203' title='bbox 617 3929 764 4005; x_wconf 87' lang='lat' dir='ltr'><strong>excepta,</strong></span> <span class='ocrx_word' id='word_1_204' title='bbox 786 3926 829 3988; x_wconf 93' lang='lat' dir='ltr'><strong>ab</strong></span> <span class='ocrx_word' id='word_1_205' title='bbox 850 3924 921 4006; x_wconf 87' lang='lat' dir='ltr'><strong>ejus</strong></span> <span class='ocrx_word' id='word_1_206' title='bbox 944 3926 1212 3990; x_wconf 90' lang='lat' dir='ltr'><strong>lucubrationum</strong></span> <span class='ocrx_word' id='word_1_207' title='bbox 1234 3926 1477 3991; x_wconf 81' lang='lat' dir='ltr'><strong>examinatione</strong></span> <span class='ocrx_word' id='word_1_208' title='bbox 1499 3925 1590 3989; x_wconf 93' lang='lat' dir='ltr'><strong>baud</strong></span> 
     </span>
     <span class='ocr_line' id='line_1_29' title="bbox 468 4038 1594 4128; baseline 0.003 -24"><span class='ocrx_word' id='word_1_209' title='bbox 468 4038 587 4105; x_wconf 75' lang='lat' dir='ltr'><strong>inferre</strong></span> <span class='ocrx_word' id='word_1_210' title='bbox 609 4059 781 4123; x_wconf 91' lang='lat' dir='ltr'><strong>possumus</strong></span> <span class='ocrx_word' id='word_1_211' title='bbox 804 4045 1017 4120; x_wconf 88' lang='lat' dir='ltr'><strong>Tractatum,</strong></span> <span class='ocrx_word' id='word_1_212' title='bbox 1039 4047 1095 4126; x_wconf 87' lang='lat' dir='ltr'><strong>qui</strong></span> <span class='ocrx_word' id='word_1_213' title='bbox 1120 4047 1205 4128; x_wconf 86' lang='lat' dir='ltr'><strong>typis</strong></span> <span class='ocrx_word' id='word_1_214' title='bbox 1240 4047 1282 4109; x_wconf 88' lang='lat' dir='ltr'><strong>ab</strong></span> <span class='ocrx_word' id='word_1_215' title='bbox 1314 4063 1354 4109; x_wconf 92' lang='lat' dir='ltr'><strong>eo</strong></span> <span class='ocrx_word' id='word_1_216' title='bbox 1387 4044 1594 4109; x_wconf 89' lang='lat' dir='ltr'><strong>mandandus</strong></span> 
     </span>
     <span class='ocr_line' id='line_1_30' title="bbox 469 4161 1594 4245; baseline 0.005 -23"><span class='ocrx_word' id='word_1_217' title='bbox 469 4164 561 4236; x_wconf 87' lang='lat' dir='ltr'><strong>erat,</strong></span> <span class='ocrx_word' id='word_1_218' title='bbox 583 4178 660 4223; x_wconf 89' lang='lat' dir='ltr'><strong>cum</strong></span> <span class='ocrx_word' id='word_1_219' title='bbox 682 4161 711 4225; x_wconf 91' lang='lat' dir='ltr'><strong>is</strong></span> <span class='ocrx_word' id='word_1_220' title='bbox 733 4167 864 4244; x_wconf 88' lang='lat' dir='ltr'><strong>repente</strong></span> <span class='ocrx_word' id='word_1_221' title='bbox 898 4162 985 4227; x_wconf 92' lang='lat' dir='ltr'><strong>diem</strong></span> <span class='ocrx_word' id='word_1_222' title='bbox 1007 4164 1088 4228; x_wconf 93' lang='lat' dir='ltr'><strong>obiit</strong></span> <span class='ocrx_word' id='word_1_223' title='bbox 1118 4182 1330 4245; x_wconf 92' lang='lat' dir='ltr'><strong>supremum,</strong></span> <span class='ocrx_word' id='word_1_224' title='bbox 1364 4181 1451 4228; x_wconf 91' lang='lat' dir='ltr'><strong>anno</strong></span> <span class='ocrx_word' id='word_1_225' title='bbox 1485 4163 1594 4238; x_wconf 79' lang='lat' dir='ltr'><strong>tout,</strong></span> 
     </span>
     <span class='ocr_line' id='line_1_31' title="bbox 470 4276 1595 4360; baseline 0.004 -21"><span class='ocrx_word' id='word_1_226' title='bbox 470 4276 600 4339; x_wconf 70' lang='lat' dir='ltr'><strong>mutum</strong></span> <span class='ocrx_word' id='word_1_227' title='bbox 623 4277 772 4357; x_wconf 91' lang='lat' dir='ltr'><strong>ponderis</strong></span> <span class='ocrx_word' id='word_1_228' title='bbox 790 4277 891 4341; x_wconf 81' lang='lat' dir='ltr'><strong>fuisse</strong></span> <span class='ocrx_word' id='word_1_229' title='bbox 909 4280 1114 4354; x_wconf 86' lang='lat' dir='ltr'><strong>habiturum,</strong></span> <span class='ocrx_word' id='word_1_230' title='bbox 1131 4288 1293 4360; x_wconf 86' lang='lat' dir='ltr'><strong>quantum</strong></span> <span class='ocrx_word' id='word_1_231' title='bbox 1307 4281 1488 4345; x_wconf 82' lang='lat' dir='ltr'><strong>Ricciolius</strong></span> <span class='ocrx_word' id='word_1_232' title='bbox 1505 4279 1595 4343; x_wconf 83' lang='lat' dir='ltr'><strong>exis-</strong></span> 
     </span>
     <span class='ocr_line' id='line_1_32' title="bbox 470 4387 1595 4479; baseline 0.004 -25"><span class='ocrx_word' id='word_1_233' title='bbox 470 4390 610 4455; x_wconf 87' lang='lat' dir='ltr'><strong>timabat</strong></span> <span class='ocrx_word' id='word_1_234' title='bbox 630 4387 780 4475; x_wconf 82' lang='lat' dir='ltr'><strong>(prooem.</strong></span> <span class='ocrx_word' id='word_1_235' title='bbox 800 4411 831 4474; x_wconf 93' lang='lat' dir='ltr'><strong>p.</strong></span> <span class='ocrx_word' id='word_1_236' title='bbox 847 4391 938 4479; x_wconf 83' lang='lat' dir='ltr'><strong>xru);</strong></span> <span class='ocrx_word' id='word_1_237' title='bbox 958 4400 996 4458; x_wconf 92' lang='lat' dir='ltr'><strong>ut</strong></span> <span class='ocrx_word' id='word_1_238' title='bbox 1009 4413 1070 4460; x_wconf 91' lang='lat' dir='ltr'><strong>nec</strong></span> <span class='ocrx_word' id='word_1_239' title='bbox 1085 4396 1188 4477; x_wconf 92' lang='lat' dir='ltr'><strong>ipsius</strong></span> <span class='ocrx_word' id='word_1_240' title='bbox 1204 4395 1344 4462; x_wconf 85' lang='lat' dir='ltr'><strong>Cassinii</strong></span> <span class='ocrx_word' id='word_1_241' title='bbox 1363 4413 1445 4477; x_wconf 89' lang='lat' dir='ltr'><strong>opus</strong></span> <span class='ocrx_word' id='word_1_242' title='bbox 1460 4395 1595 4479; x_wconf 86' lang='lat' dir='ltr'><strong>majoris</strong></span> 
     </span>
     <span class='ocr_line' id='line_1_33' title="bbox 470 4507 1506 4593; baseline 0.006 -23"><span class='ocrx_word' id='word_1_243' title='bbox 470 4507 628 4571; x_wconf 89' lang='lat' dir='ltr'><strong>momenti</strong></span> <span class='ocrx_word' id='word_1_244' title='bbox 651 4507 713 4572; x_wconf 81' lang='lat' dir='ltr'><strong>fuit</strong></span> <span class='ocrx_word' id='word_1_245' title='bbox 735 4511 777 4573; x_wconf 95' lang='lat' dir='ltr'><strong>ob</strong></span> <span class='ocrx_word' id='word_1_246' title='bbox 798 4528 916 4575; x_wconf 89' lang='lat' dir='ltr'><strong>causas</strong></span> <span class='ocrx_word' id='word_1_247' title='bbox 931 4529 951 4574; x_wconf 92' lang='lat' dir='ltr'><strong>a</strong></span> <span class='ocrx_word' id='word_1_248' title='bbox 966 4514 1059 4575; x_wconf 90' lang='lat' dir='ltr'><strong>nobis</strong></span> <span class='ocrx_word' id='word_1_249' title='bbox 1076 4512 1186 4593; x_wconf 88' lang='lat' dir='ltr'><strong>paullo</strong></span> <span class='ocrx_word' id='word_1_250' title='bbox 1201 4515 1279 4575; x_wconf 91' lang='lat' dir='ltr'><strong>autc</strong></span> <span class='ocrx_word' id='word_1_251' title='bbox 1298 4519 1506 4576; x_wconf 91' lang='lat' dir='ltr'><strong>memoratas.</strong></span> 
     </span>
     <span class='ocr_line' id='line_1_34' title="bbox 561 4626 1593 4712; baseline 0.011 -25"><span class='ocrx_word' id='word_1_252' title='bbox 561 4626 713 4691; x_wconf 78' lang='lat' dir='ltr'><strong>Attamen</strong></span> <span class='ocrx_word' id='word_1_253' title='bbox 737 4628 829 4692; x_wconf 91' lang='lat' dir='ltr'><strong>nobis</strong></span> <span class='ocrx_word' id='word_1_254' title='bbox 847 4646 1040 4710; x_wconf 90' lang='lat' dir='ltr'><strong>persuasum</strong></span> <span class='ocrx_word' id='word_1_255' title='bbox 1055 4636 1103 4693; x_wconf 92' lang='lat' dir='ltr'><strong>est</strong></span> <span class='ocrx_word' id='word_1_256' title='bbox 1119 4636 1250 4712; x_wconf 89' lang='lat' dir='ltr'><strong>gratum</strong></span> <span class='ocrx_word' id='word_1_257' title='bbox 1269 4630 1429 4696; x_wconf 89' lang='lat' dir='ltr'><strong>lectorum</strong></span> <span class='ocrx_word' id='word_1_258' title='bbox 1446 4633 1593 4698; x_wconf 91' lang='lat' dir='ltr'><strong>animum</strong></span> 
     </span>
     <span class='ocr_line' id='line_1_35' title="bbox 473 4743 1597 4831; baseline 0.01 -26"><span class='ocrx_word' id='word_1_259' title='bbox 473 4743 709 4821; x_wconf 86' lang='lat' dir='ltr'><strong>promemisse,</strong></span> <span class='ocrx_word' id='word_1_260' title='bbox 745 4753 814 4812; x_wconf 88' lang='lat' dir='ltr'><strong>tum</strong></span> <span class='ocrx_word' id='word_1_261' title='bbox 838 4748 914 4828; x_wconf 90' lang='lat' dir='ltr'><strong>quia</strong></span> <span class='ocrx_word' id='word_1_262' title='bbox 939 4747 972 4810; x_wconf 91' lang='lat' dir='ltr'><strong>in</strong></span> <span class='ocrx_word' id='word_1_263' title='bbox 996 4747 1107 4812; x_wconf 89' lang='lat' dir='ltr'><strong>labore</strong></span> <span class='ocrx_word' id='word_1_264' title='bbox 1130 4747 1191 4812; x_wconf 93' lang='lat' dir='ltr'><strong>boc</strong></span> <span class='ocrx_word' id='word_1_265' title='bbox 1216 4749 1363 4830; x_wconf 90' lang='lat' dir='ltr'><strong>improbo</strong></span> <span class='ocrx_word' id='word_1_266' title='bbox 1387 4753 1597 4831; x_wconf 89' lang='lat' dir='ltr'><strong>pertinaciter</strong></span> 
     </span>
    </p>
   </div>
   <div class='ocr_carea' id='block_1_5' title="bbox 0 0 2082 5934">
    <p class='ocr_par' dir='ltr' id='par_1_6' title="bbox 0 0 2082 5934">
     <span class='ocr_line' id='line_1_36' title="bbox 0 0 2082 5934; baseline 0 0"><span class='ocrx_word' id='word_1_267' title='bbox 0 0 2082 5934; x_wconf 95' lang='lat' dir='ltr'><strong> </strong></span> 
     </span>
    </p>
   </div>
  </div>
 </body>
</html>
