4109 5934
886 828 1168 910 LECTORI

973 1104 1076 1131 4-

522 1558 671 1622 Naturam
691 1575 919 1637 numerumque
938 1556 1170 1631 difficultatum,
1191 1574 1269 1637 quas
1289 1574 1450 1638 superasse
1470 1559 1606 1637 oportuit

443 1660 482 1720 ad
503 1658 714 1737 intelligendas
735 1662 826 1736 atque
853 1658 1039 1720 ordinandas
1071 1658 1216 1720 materias
1247 1658 1306 1719 boe
1337 1657 1494 1720 volumine
1524 1674 1606 1718 nune

444 1758 579 1835 primum
599 1757 708 1830 editas,
729 1757 913 1829 describere,
935 1775 1032 1821 novus
1052 1757 1140 1818 nobis
1160 1776 1197 1818 ac
1217 1757 1300 1819 baud
1317 1757 1392 1818 levis
1407 1755 1496 1817 labor
1511 1761 1606 1825 osset,

443 1874 499 1918 uec
516 1856 582 1918 sine
594 1856 862 1937 Autograpborum
877 1857 1107 1936 comparatione
1119 1858 1239 1936 penitus
1255 1856 1376 1924 Lectori
1393 1855 1605 1936 intelligibilis.

441 1958 649 2031 Quamobrem
670 1960 717 2020 illi
738 1959 996 2022 considerandum
1017 1960 1220 2038 relinquimus
1241 1979 1281 2021 ex
1301 1959 1367 2039 ipsa
1388 1958 1491 2037 operis
1505 1958 1606 2036 quali-

441 2064 500 2121 tate
520 2066 549 2121 et
570 2059 767 2121 advertentiis
787 2060 820 2122 in
840 2060 953 2138 quibus
975 2078 1066 2139 saepe
1086 2060 1289 2122 occurrimus.

518 2159 668 2222 Omnium
689 2159 801 2222 barram
822 2159 1039 2226 difficultatum
1065 2159 1158 2221 unius
1189 2157 1386 2220 solummodo
1416 2158 1605 2236 peculiarem

442 2261 626 2322 mentionem
648 2259 813 2335 iaciemus3
840 2259 1028 2324 eonbnionis
1059 2259 1200 2320 videlieet
1230 2257 1388 2330 codicum,
1417 2261 1448 2317 et
1477 2256 1604 2334 speciali

444 2360 533 2420 modo
562 2359 648 2421 illius
668 2360 701 2420 in
721 2377 784 2437 qno
807 2357 1043 2422 Observationes
1064 2376 1100 2420 ac
1117 2357 1235 2421 Calculi
1257 2357 1461 2421 continentur.
1485 2355 1547 2428 Qui
1568 2362 1603 2418 ut

445 2460 530 2521 utilis
549 2459 695 2520 reddatur
716 2461 753 2520 ad
775 2461 856 2522 bunc
877 2462 1059 2523 nectendum
1080 2461 1238 2535 volumen,
1259 2466 1329 2523 ante
1349 2461 1454 2523 omnia
1474 2460 1603 2540 paginas

445 2557 557 2636 ipsius,
572 2574 650 2636 pene
668 2558 839 2620 incredibili
857 2559 964 2622 labore
982 2579 1018 2622 oc
1036 2561 1272 2642 perseverantia,
1286 2560 1453 2624 ordinatim
1465 2559 1605 2640 redigere

443 2673 522 2735 opus
541 2654 614 2719 luit:
635 2656 788 2735 plurimae
808 2658 891 2720 enim
917 2659 1057 2732 illarum,
1088 2658 1228 2737 quamvis
1259 2657 1326 2719 sine
1355 2657 1502 2736 temporis
1532 2662 1604 2720 nota

442 2759 574 2828 exstent,
599 2755 810 2834 ebronoligieo
834 2757 957 2831 ordine,
978 2759 1194 2831 nibilominus,
1225 2755 1438 2823 difficilissima
1463 2775 1535 2819 cum
1557 2758 1605 2820 in·

441 2854 571 2927 dustria,
596 2855 751 2933 ponendas
772 2855 961 2918 curavimus.
987 2853 1077 2926 Quod
1093 2855 1166 2920 ,rito
1193 2853 1315 2916 lucilius
1345 2854 1456 2933 exequi
1486 2859 1605 2933 poterat

442 2959 538 3036 ipsius
562 2956 684 3020 Codicis
706 2960 961 3033 manumissione,
983 2959 1123 3023 videlicet
1143 2964 1213 3024 ante
1232 2958 1335 3020 omnia
1358 2956 1517 3019 efficiendo
1537 2976 1605 3019 ma-

441 3059 580 3121 terialem
595 3059 788 3133 chartarum,
805 3060 918 3139 quibus
932 3060 1139 3138 componitur,
1153 3058 1387 3123 ordinationem.
1406 3056 1465 3118 Sed
1485 3057 1526 3118 nb
1544 3057 1603 3118 boc

444 3165 595 3226 abstinere
620 3172 828 3245 opportunum
853 3167 1013 3239 duximus,
1033 3166 1106 3245 qnia
1133 3171 1195 3227 tam
1221 3163 1336 3226 difficili
1363 3167 1455 3242 atque
1478 3160 1539 3242 (las
1564 3161 1605 3224 sit

443 3263 503 3325 boe
527 3263 698 3344 affirmare)
726 3265 920 3345 perdiligentl
946 3266 1047 3328 labori
1075 3284 1136 3328 non
1157 3267 1275 3328 deesset
1303 3264 1511 3327 testimonium
1542 3264 1605 3343 pri·

447 3363 519 3424 stini
546 3379 582 3424 ao
602 3364 810 3442 permanentis
830 3365 947 3427 ordinis
967 3363 1103 3444 ejusdem
1124 3364 1254 3426 Codicis.

522 3459 643 3524 Codicis
663 3463 778 3542 duplex
797 3472 842 3524 est
861 3462 1010 3525 conlusio.
1035 3463 1139 3525 Altera
1165 3462 1401 3542 quaternionum
1427 3461 1603 3524 collocatio-

443 3577 515 3620 nem
534 3560 674 3638 respicit,
695 3560 839 3623 loliorum
853 3563 960 3634 altera,
977 3561 1089 3638 quibus
1103 3562 1161 3641 ipsi
1175 3565 1410 3640 componuntur,
1429 3559 1602 3639 dispositio-

443 3678 537 3721 nem:
558 3666 593 3723 ut
612 3663 686 3724 satis
706 3680 744 3723 er
764 3662 903 3741 sequenti
917 3660 1014 3723 ludici
1030 3661 1154 3740 patebit,
1170 3662 1202 3722 in
1218 3678 1281 3739 quo
1296 3677 1368 3723 cum
1385 3659 1494 3722 ordne
1514 3660 1604 3722 cbro·

445 3760 585 3839 noloqioo
603 3759 848 3825 Galileianorum
870 3762 1012 3825 laborum
1033 3763 1155 3826 chartas
1175 3761 1310 3836 Codicis,
1336 3763 1368 3824 io
1399 3760 1511 3840 quibus
1531 3780 1604 3824 eon-

449 3858 600 3935 tinentur,
618 3865 724 3924 exacto
745 3862 1003 3941 comparabimus.

970 4193 1075 4220 -Φ-
