4109 5934
836 758 863 802 m
894 756 1027 803 sonatan
1050 755 1205 803 stomun
1518 739 1584 805 429

452 885 678 950 litterationem
696 886 855 967 infirmam
873 902 938 948 esse
958 894 1014 948 tua
1033 884 1181 965 detepunt
1197 885 1422 967 experimento.
1440 884 1587 949 Primum

451 1012 515 1070 esto
536 1012 573 1069 ut
594 1005 663 1087 tima
686 1004 840 1086 quaelibet
873 1000 930 1068 Sol
962 1006 1029 1078 sit,
1063 1002 1167 1067 nullae
1189 1003 1259 1067 illas
1284 1001 1393 1067 Lunae
1424 1004 1585 1085 lususque

452 1122 668 1187 eireumsitare
689 1121 774 1185 nisae
796 1131 883 1185 sunt.
908 1119 976 1187 llos
1004 1121 1104 1201 ipitur
1122 1122 1156 1183 in
1172 1122 1294 1185 inserto
1313 1120 1461 1196 monebit,
1480 1119 1587 1202 quoad

451 1241 564 1323 aliquis
586 1239 758 1305 subtilitate
781 1239 969 1303 obseruandi
992 1241 1074 1303 mira
1096 1240 1277 1303 instructus
1293 1248 1321 1301 et
1340 1240 1398 1302 boo
1414 1239 1590 1311 detexerim

453 1357 535 1441 quod
556 1358 681 1441 quidem
696 1358 747 1422 leia
762 1374 925 1423 suceessus
942 1366 1029 1430 tuus.
1039 1356 1165 1438 iudicio
1187 1356 1392 1438 quorundam
1414 1356 1504 1421 nobie
1526 1358 1590 1420 mi·

453 1483 561 1540 natur.
584 1473 709 1556 Jupiter
730 1482 842 1538 eontra
861 1475 1063 1555 planetarum
1082 1482 1126 1537 est
1145 1490 1242 1550 unm,
1265 1490 1343 1555 quae
1361 1471 1495 1537 Brunus
1517 1471 1589 1537 Trl-

453 1592 535 1677 lurer
557 1607 621 1654 esse
647 1590 743 1664 dieit,·
778 1601 805 1654 et
841 1609 907 1656 eece
939 1599 1079 1673 quotuor
1101 1591 1178 1656 alias
1201 1593 1287 1656 eirea
1310 1591 1398 1654 ilium
1417 1591 1587 1672 planetas:

452 1719 486 1775 oi
507 1711 564 1776 bae
589 1707 765 1774 Telluribus
785 1727 848 1774 non
866 1707 1049 1772 vindicabat
1069 1706 1177 1773 Bruni
1195 1711 1288 1781 ratio,
1306 1707 1361 1773 sed
1378 1706 1513 1775 Solibus.

542 1825 677 1890 Interim
700 1836 870 1908 temperare
893 1844 958 1890 nan
978 1843 1118 1908 possum,
1141 1826 1219 1910 puin
1243 1826 1436 1893 Parodoaos
1459 1829 1525 1893 illos
1548 1847 1589 1892 ete

454 1947 516 2008 tuis
538 1945 673 2009 inventis
696 1945 791 2009 etiam
812 1945 870 2009 ltaa
894 1945 929 2006 in
951 1953 1042 2025 parte
1058 1944 1179 2025 jurum.
1204 1962 1411 2028 moneamque
1433 1946 1500 2009 oeri
1523 1963 1588 2010 non

451 2062 604 2137 absimile,
626 2081 690 2127 non
713 2069 838 2127 mutum
861 2064 895 2125 in
918 2061 1027 2134 Luna,
1050 2063 1222 2127 sedetiam
1244 2066 1279 2126 in
1301 2063 1378 2130 lore
1400 2065 1468 2145 ipso
1496 2065 1587 2128 ineo·

452 2180 496 2246 los
518 2197 605 2253 esse:
627 2189 685 2247 aut
709 2179 807 2264 (quod
830 2183 1013 2262 nuperrimo
1036 2198 1207 2262 conpressu
1225 2181 1428 2264 quorundam
1446 2180 1587 2263 pbiloso-

447 2300 618 2381 pbantium
632 2298 777 2381 ,iucunde
799 2299 931 2385 motum)
952 2300 1053 2381 deteoi
1069 2318 1154 2365 nune
1167 2303 1311 2382 primum
1334 2300 1474 2381 repianes
1497 2299 1590 2372 titas,-

452 2415 581 2482 Golonos
602 2434 690 2492 uero,
710 2418 852 2500 primum
874 2426 969 2501 atque
991 2419 1064 2501 quis
1085 2427 1188 2483 ortem
1210 2418 1337 2483 rolandi
1366 2418 1522 2494 doeuemt,
1544 2436 1586 2482 ea
1710 2448 1712 2452 ⁴

453 2541 564 2599 nostra
587 2534 750 2598 bominum
773 2545 862 2615 pente
892 2553 956 2598 nan
982 2533 1156 2615 defuturos.
1195 2530 1275 2610 Quis
1310 2533 1487 2598 credidisset
1516 2532 1593 2601 olim.

450 2651 699 2734 tranquilliorem
721 2662 749 2717 et
772 2656 920 2719 tutiorem
936 2671 1000 2718 esre
1021 2655 1258 2735 nooipationem
1279 2653 1454 2718 vastissimi
1468 2655 1588 2728 menni,

448 2787 547 2853 quam
568 2773 783 2852 anpustissimi
807 2771 908 2837 Sinas
930 2772 1102 2846 Adriatici,
1124 2775 1223 2838 moris
1239 2771 1389 2845 Baltbiei,
1414 2773 1491 2854 [reti
1514 2771 1587 2836 An·

449 2887 589 2969 plicanil
614 2887 663 2954 Da
684 2908 791 2962 naues,
815 2901 872 2956 aut
894 2892 964 2958 uela
987 2893 1110 2958 caelesti
1144 2910 1245 2957 aurae
1279 2890 1472 2968 accomodo,
1493 2899 1589 2955 erunt

449 3010 505 3090 qui
527 3027 564 3071 ree
586 3008 628 3072 ab
650 3008 708 3074 illa
730 3010 856 3092 quidem
878 3013 1024 3076 vastitate
1048 3012 1108 3075 sibi
1130 3018 1284 3076 metuant.
1323 3008 1469 3092 Adeoque
1493 3011 1587 3092 quasi

446 3125 622 3208 propediem
643 3127 818 3211 affuturis,
842 3132 899 3212 aui
920 3131 977 3194 ltoe
999 3131 1060 3194 iter
1083 3137 1223 3206 tentent,
1247 3147 1303 3210 epo
1331 3126 1512 3199 lunarem,
1537 3136 1588 3203 tu,

450 3237 594 3317 Galilaee,
616 3243 781 3319 labialem,
803 3244 973 3311 condamus
996 3247 1237 3310 astronomiam.

535 3357 622 3424 Haeo
638 3359 781 3441 iucunde
803 3361 868 3423 sint
892 3361 1077 3441 interposita
1099 3357 1253 3423 miracula
1286 3356 1442 3423 audoeiae
1464 3357 1582 3421 buma-
1709 3433 1711 3437 Α

449 3493 523 3552 nae,
546 3494 626 3559 quae
648 3480 691 3542 in
706 3479 802 3560 leuius
823 3480 1024 3561 potissimum
1047 3477 1166 3542 smeuli
1198 3475 1377 3540 bominibus
1399 3492 1463 3540 sese
1486 3474 1584 3558 effert.

453 3591 527 3658 Non
548 3605 622 3660 sunt
646 3597 730 3660 enim
764 3599 842 3660 milti
876 3595 1048 3661 deridiculo
1080 3594 1261 3659 oemroudo
1292 3610 1403 3657 eaesae
1434 3593 1584 3659 leistoriae

448 3711 611 3791 mpetum.
674 3717 680 3732 ’

538 3826 645 3912 Neque
668 3838 772 3894 tamen
794 3833 889 3895 etiam
911 3832 971 3896 vile
993 3847 1105 3914 operae
1122 3831 1263 3912 pretium
1287 3829 1378 3904 duni,
1402 3830 1503 3894 obiter
1523 3846 1586 3893 au·

449 3962 516 4011 rem
549 3947 693 4012 vellicare
726 3950 833 4015 altiori
857 3949 1094 4033 pbilosopbiae‚
1117 3951 1230 4030 eapitet
1254 3967 1297 4014 an
1321 3950 1493 4031 quicquum
1514 3947 1587 4026 sru-

445 4073 513 4130 stra
528 4067 690 4148 permittat
706 4069 807 4149 pentir
825 4070 983 4133 lausanae
997 4085 1164 4152 supremus
1181 4076 1210 4132 et
1224 4066 1378 4148 providus
1399 4067 1449 4130 ille
1471 4071 1586 4138 eustos,

444 4189 474 4245 et
495 4201 635 4265 quonam
658 4186 706 4250 ille
728 4188 857 4252 oonsilio
880 4188 979 4253 ueluti
997 4187 1139 4271 prudens
1157 4205 1286 4271 mamus
1309 4188 1367 4252 boe
1386 4183 1587 4268 potissimum

447 4308 583 4382 tempore
606 4303 695 4368 nobis
719 4305 836 4370 istbaee
858 4322 1139 4388 operumsuorum
1152 4303 1327 4388 penetralia
1348 4303 1483 4386 pandat,
1505 4295 1591 4380 quod

442 4433 596 4498 sonperro
618 4427 726 4486 nostm
750 4421 884 4489 Tbamas
916 4421 1093 4506 Sepetbus,
1125 4423 1291 4505 multiplici
1314 4422 1366 4488 uir
1388 4417 1589 4489 eruditione.

443 4537 563 4608 moniis
584 4547 643 4602 out
664 4541 703 4614 si,
725 4542 810 4623 quod
832 4560 887 4622 epo
910 4540 1070 4623 respondi,
1095 4538 1180 4605 Deus
1203 4541 1362 4617 eonditor,
1383 4532 1580 4602 uniuersita-

446 4663 507 4716 tem
529 4655 702 4733 bominum
725 4661 820 4724 ueluti
842 4659 999 4743 quendam
1021 4666 1263 4724 suoereseentem
1283 4667 1311 4722 et
1329 4654 1487 4739 paulatim
1509 4665 1582 4712 ma·

445 4778 650 4838 turesaentem
671 4778 850 4857 puerulum,
870 4777 1040 4842 suaeessiue
1063 4777 1104 4843 ab
1127 4776 1198 4841 aliis
1222 4777 1264 4839 ad
1284 4776 1351 4841 alio
1367 4765 1591 4854 oopnaseenda
