4109 5934
440 767 505 832 ade
703 783 832 830 casuum
857 783 896 829 nr
920 783 1140 830 snuuuumnus
1163 785 1211 829 an.
1235 766 1318 831 ¹612
1432 828 1436 834 .

440 935 496 996 pro
516 917 652 983 maxima
673 916 816 979 distantia
836 914 920 978 lovis
947 935 964 977 a
997 915 1088 988 Sole,
1108 934 1165 995 pro
1191 916 1320 978 minima
1343 916 1494 986 alteram,
1518 934 1598 977 oom-

439 1017 573 1098 putando
608 1018 695 1080 iilam
726 1024 760 1079 ut
790 1015 871 1090 διδ,
902 1017 983 1080 banc
1004 1024 1039 1080 ut
1059 1016 1142 1091 tet,
1169 1018 1260 1098 juxta
1281 1010 1375 1080 'illius
1397 1018 1517 1080 aetatis·
1537 1019 1600 1096 opi-

439 1120 574 1190 nionem.
594 1118 761 1198 Descripsit
781 1117 947 1179 ordinatim
968 1116 1220 1196 Prostapbereses
1240 1137 1259 1180 a
1280 1119 1381 1197 prima
1404 1118 1541 1189 babitas,
1572 1124 1600 1178 et

442 1218 587 1290 astatore,
619 1219 651 1279 in
677 1217 843 1291 columna,
870 1233 964 1295 quam
988 1235 1143 1278 excusum
1168 1215 1415 1297 Prostnpberesis
1445 1235 1603 1297 nuncupa

444 1319 498 1391 ιιι,
529 1320 729 1397 quantitatem
763 1316 921 1390 iudicarit,
952 1334 1015 1396 qno
1046 1316 1166 1398 primae
1196 1336 1214 1379 a
1246 1317 1390 1381 secundis
1414 1316 1604 1396 superaban-

442 1425 502 1480 tur.
532 1417 727 1481 Manifestum
747 1426 816 1492 est,
837 1417 919 1497 quod
940 1425 974 1480 ut
993 1417 1244 1499 Prostaphcresos
1264 1420 1386 1483 debitae
1416 1421 1604 1482 haberentur

444 1520 476 1580 ιιι
502 1518 611 1598 quavis
637 1517 779 1580 distantia
806 1516 1002 1590 intermedia,
1030 1515 1170 1580 sufficere
1208 1522 1325 1597 poterat
1349 1516 1461 1596 primis
1493 1515 1604 1576 addere

444 1625 561 1681 ιιιιιιιιιι
583 1635 727 1681 excessus
751 1623 889 1697 partem,
919 1623 1087 1696 quantam,
1119 1625 1237 1681 servata
1269 1617 1491 1698 proportione,
1526 1616 1602 1676 intra

444 1719 556 1782 dictam
577 1719 754 1782 distantiam
782 1717 994 1781 intermediam
1023 1725 1053 1782 et
1086 1720 1255 1782 maximam
1291 1717 1466 1782 differentia
1498 1718 1601 1797 requi·

447 1820 541 1882 rebat.
576 1819 733 1891 Tabulae,
767 1835 862 1898 qnam
883 1819 927 1880 sic
960 1820 1133 1900 composuit
1162 1824 1193 1882 et
1214 1838 1308 1901 qnam
1339 1820 1606 1900 transcripsimus,

366 1913 369 1919 ’
446 1939 515 2000 pag.
540 1920 590 1993 28,
609 1939 647 1982 ιιι
668 1925 876 2000 separaretur,
895 1918 934 1981 ab
954 1920 1008 1981 illa
1031 1921 1203 1984 mediorum
1235 1927 1374 1984 motuum
1409 1920 1606 1989 satellitum,

447 2020 498 2083 eui
534 2018 677 2099 adjuncta
708 2020 740 2080 iu
769 2019 874 2080 codice
905 2024 975 2092 est,
1006 2035 1130 2098 quaque
1164 2020 1308 2100 primitus
1339 2035 1396 2098 pro
1424 2035 1509 2080 anno
1531 2015 1606 2076 toro

447 2116 604 2179 Galilaeae
621 2134 695 2178 usus
721 2123 784 2189 ιιι,
805 2116 946 2196 apposuit
959 2117 1076 2181 interea
1098 2119 1130 2180 in
1152 2118 1342 2200 marginibus
1358 2117 1499 2180 diarium
1522 2118 1606 2178 istius

448 2218 540 2288 anni,
559 2215 751 2279 admonendo
767 2223 801 2278 ut
818 2217 938 2279 numeri
964 2216 1085 2280 dierum
1102 2222 1208 2280 contra
1229 2217 1440 2297 elongationes
1461 2216 1607 2278 relativas

447 2316 681 2378 collocarentur.
711 2314 779 2378 llne
809 2315 841 2376 in
875 2314 995 2378 duabus
1026 2317 1191 2380 columnis
1212 2318 1278 2379 sine
1308 2317 1415 2390 titulo,
1446 2318 1609 2398 dispositae

449 2423 539 2492 sunt,
560 2435 621 2479 noa
643 2434 739 2497 prope
759 2417 899 2484 alteram.
920 2433 1055 2495 quarum
1076 2417 1177 2496 prima
1199 2415 1360 2496 respondet
1381 2417 1523 2479 numeris
1549 2414 1609 2476 die

449 2536 519 2580 rum
534 2516 681 2596 marginis
695 2515 821 2590 sinistri,
842 2520 872 2578 et
892 2516 1025 2579 mcuuda
1043 2515 1106 2578 illis
1121 2515 1239 2577 dexteri
1265 2516 1426 2597 marginis.
1445 2515 1609 2577 Adverter-

447 2617 522 2679 dnm
544 2617 593 2678 bic
614 2631 707 2696 porro
732 2620 778 2678 est
801 2614 884 2693 quod
903 2613 1060 2680 Galilacus
1080 2632 1142 2679 non
1166 2633 1289 2698 semper
1302 2616 1360 2680 bas
1377 2617 1504 2679 tabulas
1528 2617 1609 2678 adbi-

448 2716 569 2791 buerit,
592 2721 624 2779 et
647 2732 709 2778 non
730 2733 851 2796 semper
872 2716 1062 2779 adamussim
1083 2716 1116 2779 in
1132 2717 1198 2780 suis
1214 2717 1343 2780 calculis
1375 2734 1452 2780 usus
1476 2718 1519 2780 sit
1539 2715 1607 2778 Pro

450 2816 676 2896 stapberesibus
696 2834 715 2879 a
735 2815 848 2879 tabulis
869 2816 1021 2879 exhibitis.

531 2914 811 2978 Animadvertimus
830 2915 928 2994 quod,
957 2933 1030 2978 cum
1051 2914 1179 2978 Satelles
1198 2923 1257 2989 est,
1276 2917 1380 2996 quoad
1400 2917 1555 2989 Terram,
1580 2919 1608 2978 ιιι

451 3015 618 3076 directione
638 3013 766 3076 visualis
786 3030 841 3093 per
860 3016 998 3087 centrum
1030 3012 1114 3077 Iovis
1144 3014 1345 3087 transeuntis,
1376 3022 1406 3077 et
1426 3017 1511 3078 ultra
1533 3016 1609 3078 bunc

451 3116 621 3195 planetam,
641 3112 799 3176 Galilaens
819 3128 890 3174 eum
911 3111 986 3174 dicit
1000 3129 1069 3175 esse
1088 3112 1121 3176 in
1142 3131 1219 3194 caspe
1239 3131 1328 3186 seru,
1349 3119 1402 3176 aut
1429 3115 1609 3199 simpliciter

452 3216 483 3278 in
504 3233 593 3295 supe,
607 3218 661 3277 aut
673 3214 707 3275 in
728 3228 871 3293 apopuem
885 3229 956 3274 cnm
978 3218 1082 3275 autem
1096 3213 1238 3277 insimili
1254 3212 1416 3294 positione,
1436 3215 1541 3292 quoad
1561 3213 1610 3274 So

453 3315 513 3376 lem
535 3314 701 3386 invenitur,
727 3312 871 3375 eumdem
891 3311 966 3373 dicit
990 3313 1023 3374 in
1045 3331 1120 3393 supe
1140 3312 1247 3374 media
1261 3312 1300 3375 Et
1316 3315 1477 3395 quoniam,
1490 3334 1559 3397 pag.
1574 3315 1609 3376 1⁰

453 3420 484 3475 ιι
514 3415 561 3489 ll,
581 3414 714 3476 vidimus
734 3415 913 3488 ductorem,
935 3412 973 3474 ad
993 3413 1170 3476 statuendos
1191 3420 1305 3487 motus,
1335 3432 1520 3495 comparare
1551 3432 1611 3478 mo

453 3516 555 3574 menta
587 3514 719 3575 duarum
751 3512 877 3592 augium
903 3511 1091 3585 mediarum,
1116 3512 1362 3575 concludendum
1393 3521 1439 3578 est
1470 3521 1611 3578 motusa

454 3609 581 3672 Tabulis
601 3612 700 3686 datos,
721 3615 821 3673 motus
838 3609 955 3672 medios
967 3610 1179 3674 eliocentricos
1194 3629 1270 3675 esse.
1287 3610 1447 3675 Praeterea
1463 3614 1544 3675 sicut
1556 3612 1611 3674 tie

347 3740 352 3752 ι
454 3708 564 3770 lilaeus
578 3726 634 3787 pro
649 3708 772 3783 lladine,
792 3716 846 3770 aut
865 3727 921 3788 pro
937 3718 1051 3789 puncto
1067 3710 1275 3786 discessionis,
1296 3716 1388 3776 sumit
1401 3715 1509 3777 locum
1529 3713 1612 3794 esaia

453 3807 580 3880 mediae,
600 3808 765 3887 positiones
785 3825 803 3869 a
823 3805 952 3869 Tabulis
971 3808 1071 3881 datae,
1081 3826 1138 3888 pro
1157 3826 1346 3889 unoquoque
1364 3810 1516 3887 Satellite,
1536 3812 1613 3892 posi·

455 3910 553 3971 tiones
566 3908 635 3969 ideo
645 3914 717 3969 sunt
730 3907 954 3981 eliooentricae,
968 3908 1076 3986 quales
1090 3917 1274 3989 apparerent
1287 3912 1449 3989 spectatori
1463 3913 1496 3975 in
1510 3921 1612 3975 centro

455 4006 535 4070 Solis
555 4007 715 4069 collocato.
1047 4019 1049 4024 ’

536 4106 614 4170 Cum
625 4105 775 4168 deducere
789 4106 860 4170 inde
873 4107 1005 4170 velimus
1014 4109 1181 4188 positiones
1194 4110 1418 4190 generatrices,
1429 4117 1464 4175 ut
1477 4131 1531 4176 eas
1544 4130 1612 4175 cum

457 4206 723 4270 constitutionibus
743 4226 761 4268 a
783 4207 880 4270 Terra
898 4207 1011 4271 directe
1031 4209 1199 4274 observatis
1218 4211 1429 4285 conteramus,
1448 4214 1514 4276 sire
1530 4221 1564 4276 nt
1577 4232 1614 4276 cx

457 4308 496 4369 ιιι
515 4307 742 4388 ephemeridem
773 4308 969 4388 anticipatum
989 4309 1206 4385 conficiamus,
1235 4312 1266 4372 id
1286 4313 1483 4377 solummodo
1510 4322 1613 4377 notare

456 4409 602 4472 debemus
621 4408 703 4489 quod
723 4414 835 4489 puncta
854 4409 1024 4471 orbitarum
1055 4411 1296 4492 uniuscujusque
1326 4410 1491 4488 satellitis,
1522 4432 1612 4496 supra

459 4528 540 4589 quae
560 4510 719 4591 projicitur
742 4515 881 4573 centrum
902 4508 986 4573 loris
1006 4529 1024 4573 a
1044 4509 1135 4586 Sole,
1156 4511 1315 4591 Terraque
1344 4512 1462 4586 visum,
1483 4516 1564 4577 inter
1582 4531 1613 4576 sc

451 4610 569 4688 ¹distant
589 4616 650 4674 toto
670 4627 760 4684 arcu,
775 4611 829 4690 qni
844 4611 876 4673 in
887 4610 986 4673 orbita
1001 4612 1151 4691 angulum
1175 4610 1422 4692 Prostapbercsis
1446 4613 1612 4677 dimetitur.

459 4706 540 4770 llinc
558 4711 584 4774 si
605 4710 691 4772 locus
711 4710 929 4790 gcooentricus,
949 4715 1003 4773 aut
1022 4727 1183 4790 apparens,
1203 4708 1286 4774 toris
1305 4716 1428 4790 praeter
1441 4711 1614 4776 eliooentri-

452 4823 532 4886 ‚cum
555 4809 588 4872 in
607 4808 798 4888 longitndine
817 4813 863 4871 est
887 4807 989 4888 (quod
1009 4809 1110 4871 evenit
1129 4815 1276 4889 tempore,
1302 4827 1365 4889 quo
1385 4810 1437 4874 bic
1452 4811 1575 4891 plancta
1594 4831 1610 4872 a
