4109 5934
444 690 489 753 so
802 699 1056 750 osssrvsrronrs
1077 703 1128 748 sn.
1153 684 1242 751 1616

502 832 558 894 Die
577 829 612 904 5,
628 832 750 894 coelum
770 830 829 893 tait
849 831 1037 895 nubilosum.

502 929 559 993 Die
578 931 614 1005 6,
634 930 714 994 duae
733 929 929 994 solummodo
949 939 1161 1011 apparuerunt
1190 931 1323 1006 Stellae,
1344 932 1487 998 rodium
1507 935 1620 1002 lovem

448 1032 687 1113 intercipientes,
708 1038 742 1093 ut
763 1033 793 1094 io
815 1031 917 1112 ligura
937 1034 1077 1112 apposita
1097 1039 1268 1112 speciatur:

443 1240 490 1290 or.
725 1265 729 1271 -
938 1214 1055 1318 *Q
1122 1249 1142 1287 s
1557 1239 1623 1290 oa.

446 1435 639 1499 orientalisa
658 1432 732 1495 lore
751 1432 882 1494 distmt
898 1432 973 1493 min.
992 1429 1030 1505 2;
1049 1428 1257 1494 occidentalis
1273 1447 1347 1494 vcro
1366 1431 1443 1494 rain.
1462 1430 1503 1492 ³:
1524 1439 1616 1495 erant

447 1537 478 1598 ia
498 1534 606 1598 eadem
624 1539 708 1597 rocla
728 1549 802 1596 oum
821 1531 911 1605 lore,
930 1536 961 1594 et
976 1530 1188 1611 magnitudine
1209 1548 1311 1612 pares.

505 1634 562 1699 Die
573 1636 606 1710 ’1,
615 1634 696 1698 dnae
707 1634 866 1697 adsubaot
886 1631 993 1694 stellae
1014 1631 1121 1694 olore
1140 1632 1307 1697 orientales
1328 1633 1454 1705 ambae,
1473 1633 1511 1696 in
1524 1634 1611 1698 lonc

448 1735 612 1815 dispositae
632 1734 774 1798 modum:

441 1940 487 1987 or.
910 1947 930 1986 s
955 1947 978 1986 n
1001 1916 1054 2018 ᾧ
1554 1941 1618 1992 ore.

447 2123 689 2210 intercapedines
709 2132 788 2193 inter
808 2131 890 2211 ipsas
910 2136 939 2192 et
959 2131 1065 2195 Jorem
1085 2140 1172 2196 erant
1203 2135 1360 2214 aequales,
1380 2135 1479 2198 'unios
1498 2154 1614 2218 nernpa

447 2228 558 2391 mli
583 2229 691 2307 prinni3
724 2246 760 2292 ac
790 2247 846 2310 per
864 2228 948 2309 ipsas
974 2233 1006 2292 et
1023 2236 1165 2295 oenoum
1196 2230 1281 2295 loris
1306 2237 1390 2294 recta
1419 2231 1504 2295 linea
1526 2233 1613 2297 incr·

504 2427 560 2491 Die
579 2427 615 2502 8,
635 2429 665 2491 h.
688 2430 724 2501 t,
741 2429 868 2491 aderant
887 2434 949 2491 tres
970 2427 1097 2504 Stellae,
1121 2430 1286 2494 orientales
1306 2448 1430 2506 omnes,
1449 2437 1484 2494 ot
1503 2432 1540 2494 in
1559 2434 1613 2498 dr·

444 2527 622 2606 scriptione:

443 2735 489 2781 or.
801 2730 875 2798 epos)
956 2745 979 2784 n
998 2713 1050 2817 Q
1551 2732 1615 2784 oa.

446 2925 513 2987 lovi
534 2927 691 3006 proxima,
711 2927 824 3007 exigua
845 2925 932 3005 satis,
962 2926 1095 2991 distabat
1115 2928 1210 2990 abeo
1232 2929 1306 2990 min.
1334 2927 1362 2988 1.
1381 2944 1441 2989 sec
1462 2926 1519 3003 66;
1541 2946 1609 2990 me·

447 3029 499 3089 dia
518 3045 592 3092 vero
612 3029 651 3091 ab
673 3029 731 3091 irae
752 3029 826 3091 min.
846 3028 881 3102 l,
901 3035 1030 3108 cratque
1050 3029 1124 3093 satis
1144 3047 1272 3111 magno:
1292 3028 1484 3103 orientalion
1499 3028 1610 3092 admo·

442 3129 517 3193 dum
536 3130 672 3210 exigua,
691 3129 730 3193 ab
746 3130 804 3192 trac
823 3129 955 3193 distabat
975 3130 1050 3192 min.
1070 3147 1132 3194 sec
1152 3131 1202 3192 2⁰.
1222 3131 1343 3210 Anceps
1357 3147 1444 3193 eram
1463 3130 1611 3209 nmquid

441 3230 508 3295 Jovi
528 3232 671 3312 proximo
682 3247 745 3293 una
760 3236 879 3294 aarum
893 3250 933 3294 an
954 3231 1034 3294 dore
1046 3230 1147 3294 forent
1162 3230 1325 3294 stellulae:
1346 3230 1508 3294 videbator
1520 3230 1609 3293 enirn

441 3332 595 3408 interdum
612 3332 685 3394 huic
704 3332 799 3395 aliam
813 3333 918 3397 adesse
946 3350 1053 3396 versos
1072 3339 1192 3404 ortum.
1207 3334 1323 3396 mirum
1343 3333 1377 3394 in
1393 3331 1521 3395 modurn
1541 3330 1609 3392 exi·

313 3477 316 3481 ,
442 3449 513 3511 goa,
527 3438 557 3494 et
577 3432 616 3493 ab
630 3432 686 3495 illa
703 3431 840 3513 sejuncta
854 3450 910 3514 per
922 3433 1000 3496 min.
1019 3450 1079 3496 sec
1098 3433 1136 3494 10
1156 3438 1288 3494 tantum:
1308 3431 1434 3494 ineunt
1452 3429 1607 3492 omnesio

441 3538 548 3599 eadem
568 3543 651 3599 recta
671 3537 753 3600 linea
773 3539 942 3600 secundum
959 3537 1083 3607 Zodiaci
1106 3536 1233 3599 doctum
1250 3542 1402 3600 extensae.
1423 3533 1508 3597 Hora
1532 3551 1607 3596 tero

444 3638 545 3710 tertia,
564 3636 657 3699 Stella
677 3637 745 3699 lovi
765 3640 907 3717 proxima
929 3639 1020 3701 illum
1041 3636 1104 3700 lere
1124 3638 1279 3717 tangebot;
1301 3637 1431 3700 distabat
1452 3636 1538 3698 enim
1565 3640 1609 3701 als

444 3755 482 3800 eo
495 3737 570 3799 min.
590 3754 649 3799 sec.
671 3738 710 3797 10
733 3743 864 3800 tantum:
877 3737 1017 3817 reliquae
1027 3737 1215 3799 veroaJove
1227 3735 1408 3798 remotiores
1422 3734 1521 3798 tactae
1539 3737 1607 3799 ioe-

443 3844 530 3903 rool:
544 3837 744 3901 aberatonim
763 3835 982 3901 nediaalove
1003 3837 1068 3901 min
1088 3838 1118 3899 6.
1139 3836 1276 3900 Tandem
1286 3838 1364 3900 hora
1376 3842 1504 3916 quarta,
1519 3856 1605 3918 quac

445 3940 531 4020 prius
550 3937 618 4002 lori
635 3937 778 4018 proxima
798 3944 879 4011 crat,
900 3955 973 4001 corn
993 3955 1032 4001 eo
1047 3937 1155 4018 innota
1175 3951 1239 4001 non
1261 3938 1444 4001 cernebatur
1459 3939 1607 4018 amplios.

500 4041 557 4105 Die
577 4039 612 4114 9,
632 4040 710 4103 hora
729 4040 759 4115 0,
779 4058 820 4104 m.
838 4038 893 4114 ³0,
913 4040 1075 4104 adstabant
1100 4038 1168 4103 lori
1188 4037 1301 4104 Stellae
1321 4040 1401 4102 duae
1421 4039 1603 4114 enormes,

439 4146 467 4202 ct
488 4159 550 4204 una
570 4138 768 4204 occidentalis
790 4139 821 4202 in
842 4139 894 4202 tali
916 4139 1132 4220 dispositione:

439 4350 483 4398 or·
692 4322 1173 4433 coeno>
1544 4347 1609 4399 oe

440 4551 633 4625 oriootnitor.
656 4571 733 4633 «punc
753 4555 827 4619 satis
854 4555 966 4638 exiguo
999 4562 1079 4631 orat,
1100 4574 1117 4619 a
1139 4554 1277 4635 moerenti
1310 4552 1441 4615 distabat
1472 4551 1549 4615 min.
1570 4549 1606 4624 l;

442 4650 551 4723 inertia.
574 4653 681 4732 rotator.
704 4672 720 4717 a
742 4654 814 4717 lovo
846 4656 949 4722 oberat
972 4658 1045 4722 intra.
1066 4659 1101 4730 7;
1124 4655 1206 4719 lovis
1239 4655 1277 4718 nis
1297 4652 1490 4727 occidentali,
1523 4669 1605 4733 quse

443 4769 534 4834 porto
556 4757 634 4824 oret.
656 4751 785 4822 ittntntnt
809 4757 882 4821 into.
905 4756 932 4820 i.
