4109 5934
809 728 1231 777 tusrtrlctrtortus

798 963 1138 1027 lcsrrrrcarro
1176 962 1230 1026 lll.

593 1157 763 1220 (betioicntia
781 1172 795 1207 a
813 1159 854 1209 die
870 1161 900 1207 21
915 1170 999 1223 usqne
1015 1158 1048 1208 ad
1064 1158 1135 1208 diem
1151 1162 1182 1208 ³⁰
1197 1157 1348 1209 Novembris
1367 1159 1445 1218 toto)

521 1350 590 1414 Post
609 1367 781 1431 pancorum
794 1351 920 1414 dierum
932 1350 1207 1429 tranquillitatem,
1225 1350 1408 1425 infirmitas,
1428 1351 1467 1412 do
1487 1369 1550 1431 qun
1572 1352 1604 1413 in

440 1451 632 1533 praecedenti
651 1451 991 1523 Justidentionelocuti
1012 1470 1132 1527 sumus,
1151 1452 1266 1517 ilerum
1285 1451 1462 1524 Galilaeum
1483 1450 1606 1526 oblinit,

440 1559 475 1615 ut
493 1570 533 1615 ex
552 1554 691 1634 sequenti
710 1552 882 1634 fragmento
896 1552 1045 1634 epistolae
1058 1551 1208 1616 Lndoriei
1221 1551 1341 1632 Ciqoli,
1355 1552 1494 1628 Romae,
1514 1559 1545 1616 et
1558 1553 1608 1615 die

441 1653 481 1714 29
500 1651 680 1717 Novembris
700 1653 792 1734 hujus
808 1654 898 1728 anni,
922 1652 1064 1717 Galilaeo
1084 1655 1198 1717 missae
1214 1653 1391 1735 colligitur:
1414 1676 1431 1714 ιι
1456 1651 1501 1715 111
1521 1655 1541 1714 d
1561 1654 1606 1715 di-

444 1754 632 1834 «spiaciuto
651 1755 749 1818 molto
776 1753 809 1818 la
830 1770 931 1817 nuova
949 1753 1032 1818 della
1059 1771 1116 1818 sun
1144 1754 1400 1835 indispositione,
1418 1755 1477 1818 ebe
1502 1773 1521 1818 a
1550 1754 1609 1816 Dio

444 1876 460 1910 ιι
486 1853 604 1934 piaccia
630 1855 770 1934 recupcri
791 1855 823 1918 la
849 1854 947 1917 sanitl
968 1861 1087 1935 presto,
1117 1856 1293 1930 acciocche,
1314 1855 1424 1937 poiebd
1443 1856 1476 1918 io
1495 1873 1560 1921 non
1579 1855 1608 1916 la

444 1975 459 2011 ιι
483 1972 572 2034 posse
594 1955 707 2035 podere
731 1958 832 2028 costa,
856 1955 979 2019 nimeno
1007 1971 1065 2036 per
1094 1973 1137 2019 nn
1169 1974 1270 2031 anno,
1302 1958 1365 2020 ella
1396 1972 1489 2041 possa
1520 1955 1607 2020 venir

446 2075 462 2110 ιι
484 2070 545 2130 qur
563 2052 612 2133 (1),
622 2057 648 2116 sl
659 2071 716 2134 per
728 2054 867 2135 goderln,
881 2071 969 2117 come
986 2055 1100 2135 percbd
1125 2053 1162 2123 V..
1183 2055 1215 2117 S.
1235 2073 1327 2136 possa
1346 2056 1483 2123 etimne
1507 2058 1605 2137 questi

446 2176 462 2210 ιι
484 2154 597 2232 satrapi
628 2172 646 2216 e
671 2163 748 2236 gran
772 2155 926 2219 barcalari
946 2174 1024 2246 cor»
1038 2155 1192 2240 (Venturi,
1211 2156 1288 2220 Pur.
1309 2157 1343 2232 l,
1358 2176 1431 2239 pop.
1453 2156 1548 2238 1131.

538 2418 571 2480 (11
586 2416 716 2470 Galilaens
732 2420 912 2481 constituerat,
924 2421 1029 2486 suisque
1041 2419 1209 2470 nunciaverat
1220 2419 1325 2480 amieis,
1336 2431 1363 2469 se
1372 2417 1484 2468 lionrrrn
1495 2429 1608 2468 eccem-

445 2513 506 2552 rum
516 2513 586 2555 esre,
602 2506 631 2552 at
646 2514 675 2552 rc
690 2516 749 2554 vera
760 2502 821 2553 tecit
831 2504 1000 2570 rubroqamti
1014 2517 1093 2568 vere,
1104 2503 1137 2554 ad
1147 2505 1342 2568 oppugnatores
1357 2515 1468 2553 snorum
1482 2513 1608 2551 novorum

447 2582 602 2634 inventurum
617 2585 824 2636 contundendos.

940 2785 1119 2812 κω.-

705 3010 710 3023 ,
811 2965 1149 3034 lusrrrrcnrro
1179 2968 1233 3033 lv.

658 3184 842 3245 (Deficientiee
857 3202 872 3237 a
888 3187 929 3237 die
946 3193 961 3238 7
976 3190 1048 3240 lunii
1064 3191 1096 3241 ed
1111 3195 1143 3240 11
1158 3190 1309 3242 Decembris
1326 3192 1407 3253 tert)

536 3348 643 3410 Denuo
662 3350 844 3428 repetimus,
858 3351 917 3413 boc
931 3351 1189 3417 Observationum
1206 3360 1387 3435 excerptum
1409 3371 1507 3416 manu
1520 3352 1614 3433 ipsius

452 3449 580 3510 Galilaei
602 3456 762 3513 exaratum
784 3458 904 3514 extare:
926 3452 996 3516 inde
1016 3453 1181 3527 certitudo,
1201 3471 1265 3517 non
1284 3455 1362 3518 alias
1382 3451 1616 3517 Observationes

453 3570 548 3632 qnam
574 3571 668 3618 ensa
699 3572 731 3618 se
762 3554 829 3634 ipso
861 3556 1018 3621 adnotatas
1040 3558 1217 3622 coniecisse.
1245 3557 1468 3631 Veruntamen,
1501 3556 1617 3635 incepta

455 3653 597 3717 methodo
616 3660 750 3728 serrata,
770 3655 978 3718 advertemus:
1005 3655 1039 3716 1⁰
1061 3654 1234 3719 Galilneum
1255 3672 1331 3718 sane
1352 3653 1441 3716 initio
1456 3651 1541 3715 Junii
1563 3650 1618 3712 bu·

450 3754 503 3836 jus
523 3755 612 3827 anni,
633 3772 706 3817 suns
727 3754 758 3817 in
789 3754 847 3817 bac
874 3773 909 3816 re
935 3756 1136 3835 interrupisse
1162 3755 1407 3827 lucubrationes,
1434 3751 1534 3814 Roma
1554 3748 1621 3812 Flo

456 3854 587 3917 rentiam
608 3853 796 3915 rediturum:
817 3852 852 3914 2⁰
873 3851 953 3916 Penc
974 3853 1038 3915 lere
1058 3854 1097 3916 ad
1120 3855 1251 3933 patriam
1273 3857 1454 3933 perventum
1469 3849 1622 3924 infirmae

457 3974 504 4029 se,
524 3961 555 4017 et
573 3953 752 4018 infirmitate
782 3956 968 4035 plusquam
990 3954 1114 4036 triginta
1145 3955 1253 4018 diebus
1274 3955 1449 4018 laborasse:
1481 3969 1522 4014 ex
1544 3967 1621 4030 qua,

457 4065 488 4118 et
508 4075 547 4119 ex
567 4057 649 4120 male
670 4055 809 4119 restituta
825 4056 1014 4130 valetudine,
1027 4062 1058 4119 et
1077 4074 1117 4119 ex
1138 4073 1250 4136 magno
1269 4055 1472 4135 epistolarum
1494 4067 1624 4115 numero

458 4159 571 4237 quibus
591 4157 660 4231 ille,
686 4156 815 4219 sanitate
835 4155 968 4230 reddita,
1000 4174 1074 4218 mox
1103 4156 1288 4235 respondere
1314 4153 1479 4226 debuerat,
1512 4151 1624 4215 laetum

460 4256 553 4318 tuisse
580 4255 746 4336 quominus
781 4255 899 4337 aliquid
921 4255 1115 4336 negotiorum
1148 4274 1246 4336 usqne
1279 4255 1317 4318 ad
1343 4253 1525 4342 proximum
1555 4249 1627 4330 Sep

461 4358 608 4420 tembrem
645 4357 801 4438 suscipere
836 4357 1063 4437 impediretur?
1087 4356 1121 4417 3⁰
1151 4354 1210 4418 lllo
1243 4357 1309 4436 ipso
1340 4362 1493 4432 tempore,
1529 4355 1627 4412 ortam

461 4457 553 4518 inisse
581 4455 683 4537 llaqni
708 4454 802 4521 lineis
827 4457 859 4519 in
884 4457 972 4518 curia
995 4458 1207 4536 quaestionem
1232 4459 1270 4518 de
1293 4449 1530 4525 Innctontibau,
1550 4465 1628 4529 quac

459 4558 519 4617 iliis
547 4557 666 4631 diebus,
694 4562 723 4619 et
756 4557 851 4631 ultra,
883 4563 1015 4619 mentem
1043 4558 1139 4620 nostri
1168 4556 1342 4636 pbilosopbi
1367 4553 1490 4634 penitus
1520 4548 1628 4612 tenuit:

462 4656 495 4716 b⁰
516 4654 605 4718 Circa
626 4658 717 4721 finem
739 4656 896 4729 Octobris,
913 4658 990 4720 adeo
1011 4657 1042 4719 in
1069 4656 1216 4737 majorem
1239 4652 1448 4715 infirmitatem
1471 4648 1630 4715 incidisse,

463 4766 495 4821 nt
513 4759 669 4820 mensibus
690 4759 869 4822 Novembris
897 4765 989 4839 atque
1013 4758 1203 4830 Decembris,
1230 4772 1292 4834 qno
1312 4761 1449 4835 tempore
1475 4752 1514 4817 ad
1535 4748 1632 4814 coele
