4109 5934
439 722 505 787 tub
827 730 1027 778 mssunrnrm
1052 730 1185 776 rursum

440 870 550 950 eclipsi,
567 872 669 950 pqura
689 866 832 928 laniatae·
851 864 957 926 carnis
974 870 1031 924 aut
1046 861 1160 923 asseris
1178 859 1342 939 confracti,
1360 859 1447 923 striis
1469 856 1579 922 lucidis

440 1006 503 1051 sese
519 989 551 1048 in
567 994 690 1067 partem
714 982 893 1044 umbrosam
913 978 1168 1042 insinuantibus:
1187 993 1252 1058 qun
1268 976 1484 1040 obseruatione
1500 975 1581 1039 idem

440 1115 539 1167 tecum
560 1101 614 1165 sed
634 1101 695 1163 alio
716 1099 896 1179 arqumenti
926 1114 1037 1177 qenere
1071 1097 1201 1166 evinco,
1227 1092 1338 1158 Lunae
1356 1102 1466 1176 partes
1490 1095 1580 1157 inae-

417 1219 419 1222 ⁴
440 1222 544 1304 quales
561 1238 635 1292 esse,
652 1221 706 1282 bas
726 1208 904 1289 eminentes,
922 1217 991 1279 illas
1004 1209 1202 1297 profundasr
1220 1233 1285 1278 nan
1298 1214 1370 1296 iam
1388 1231 1429 1277 ea
1449 1213 1580 1277 umbrae

440 1339 646 1420 projectione,
669 1335 721 1399 sed
744 1352 784 1398 ea
807 1352 841 1397 ec
865 1334 953 1415 quad„
969 1333 1164 1397 debilitatum
1187 1329 1268 1396 Sciit
1292 1330 1422 1395 radium
1445 1332 1482 1395 in
1503 1349 1581 1395 can·

441 1458 516 1538 finio
539 1456 657 1536 eclipsis
673 1455 754 1517 aliae
772 1451 883 1516 Lunae
900 1460 1005 1533 partes
1023 1453 1149 1534 lartius,
1169 1450 1251 1515 aliae
1267 1450 1397 1514 debilius
1416 1451 1578 1532 excipiunt

442 1584 470 1638 et
492 1572 661 1637 revibrant.
697 1570 741 1633 Ar
775 1573 849 1634 baec
873 1570 1002 1650 confuse
1026 1579 1152 1634 tantum
1185 1578 1214 1631 et
1248 1569 1467 1651 superficiario
1489 1586 1511 1631 a
1531 1586 1578 1630 nse

442 1698 596 1755 annotata
617 1697 704 1763 sunt,
729 1686 818 1751 nulla
840 1687 1036 1751 distinctione
1065 1687 1301 1751 maculasarum
1319 1687 1466 1767 partium
1488 1704 1510 1749 a
1531 1686 1580 1749 lu-

442 1809 526 1872 cidis.
554 1804 622 1870 Tua
640 1823 712 1869 uera
734 1805 907 1885 diliqentia,
927 1822 1023 1887 quam
1043 1805 1216 1868 ordinatim
1238 1805 1347 1868 amnia
1357 1802 1579 1886 persequiturl

447 1925 511 2000 (lui
534 1927 629 1989 etiam
650 1924 791 1988 maculas
814 1925 898 2005 ipsas
922 1933 1037 1990 veteres
1060 1922 1270 1988 albicantibus
1292 1922 1404 1988 arealis
1427 1922 1582 2006 aequabi-

443 2033 540 2130 libus,
562 2060 618 2106 ceu
638 2043 743 2106 meria
761 2041 865 2123 planis
889 2041 1020 2112 insulis,
1042 2040 1267 2104 interminatas
1282 2038 1422 2103 tabibus.

533 2159 641 2243 Neque
662 2162 739 2226 satis
762 2161 875 2223 mirari
893 2176 1022 2241 passum
1044 2158 1121 2240 quid
1142 2158 1202 2220 sibi
1224 2157 1294 2222 uelit
1317 2159 1432 2238 inqens
1447 2155 1499 2220 illa
1512 2158 1579 2220 cir·

443 2277 573 2359 culnque
595 2276 767 2341 rotundata
790 2277 910 2339 cavitas
934 2277 968 2337 in
991 2275 1189 2350 sinistrant
1211 2293 1268 2355 eqo
1290 2273 1376 2356 loqui
1397 2274 1494 2351 salue,
1514 2276 1579 2339 aris

442 2395 578 2476 anqula,·
601 2403 735 2459 naturae
751 2414 790 2459 ne
804 2411 883 2475 epus
906 2395 958 2464 sit,
982 2410 1025 2456 an
1048 2409 1163 2456 manus
1186 2393 1325 2476 artificii.
1344 2391 1431 2458 Nam
1441 2394 1581 2477 prosecta

444 2523 688 2579 consentaneum
700 2526 755 2587 eet,
766 2517 795 2577 si
806 2524 882 2578 sunt
896 2515 930 2575 in
942 2511 1038 2575 Luna
1049 2513 1185 2576 niventes
1197 2519 1362 2576 creaturae
1373 2511 1455 2597 (qua
1466 2515 1500 2577 in
1509 2532 1580 2578 ma·

448 2633 528 2695 teria
539 2632 617 2694 mibi
626 2642 696 2712 past
710 2620 926 2713 Pqtbaanam
949 2639 979 2694 et
1001 2630 1473 2712 Plutarcbump'amalimanna
1494 2632 1580 2700 1593

448 2746 609 2830 Tubinqae
623 2751 740 2831 scripta
758 2749 981 2831 disputatione,
1004 2747 1088 2814 unde
1105 2750 1140 2812 in
1157 2750 1265 2831 npticis
1287 2749 1362 2812 meis
1384 2749 1440 2832 [al.
1465 2750 1530 2815 250
1547 2758 1580 2814 *et

443 2868 624 2949 nuperrime
657 2869 691 2930 in
720 2867 905 2949 supradicta
929 2865 1127 2950 Geaqrapbin
1149 2867 1275 2932 lunari
1298 2867 1402 2932 ludere
1421 2869 1580 2954 placuit),

442 2985 510 3050 illas
533 2986 695 3067 inqenium
727 3005 803 3051 suae
835 2988 1016 3067 prouinciae
1040 2989 1182 3060 imitari,
1211 3005 1291 3071 quae
1324 2985 1426 3050 multa
1448 2987 1578 3068 atajcres

444 3102 535 3165 babet
558 3111 676 3166 mantes
701 3112 730 3164 et
753 3102 846 3166 valles
868 3120 966 3183 quam
989 3116 1102 3168 nestra
1126 3104 1213 3168 tellus
1225 3122 1237 3175 ‚·
1258 3103 1386 3185 ideoque
1408 3102 1488 3168 male
1509 3119 1579 3169 aas·

442 3237 556 3299 parum
576 3221 722 3284 maxima
733 3222 904 3301 praeditas,
928 3223 1080 3287 immania
1098 3224 1191 3289 etiam
1203 3240 1297 3305 opera
1315 3232 1469 3304 patrare:
1490 3240 1579 3288 cent·

443 3355 502 3417 que
525 3337 606 3399 diem
630 3338 765 3401 habeant
789 3338 966 3419 qaindecim
991 3350 1112 3404 nostres
1142 3339 1206 3403 dies
1242 3340 1388 3420 lanqam,
1411 3348 1578 3422 aestasque

442 3455 579 3517 sentiant
604 3456 831 3528 intolerabiles:
859 3466 886 3519 et
916 3458 1051 3537 sortasse
1075 3468 1203 3522 careant
1232 3457 1384 3540 lapidibus
1406 3457 1452 3521 ad
1472 3460 1579 3522 muni·

443 3575 539 3636 tiones
565 3584 676 3638 curura
699 3573 801 3639 Solem
825 3576 1012 3656 eriqendas,
1047 3589 1079 3640 nt
1111 3588 1223 3641 contra
1246 3578 1365 3658 qlsbam
1386 3577 1502 3657 [arran
1524 3579 1578 3640 ba·

443 3692 534 3754 beant
557 3693 592 3754 in
615 3694 740 3756 medum
755 3695 882 3774 arqillae
909 3705 1060 3760 tenacem:
1086 3696 1168 3758 banc
1191 3697 1291 3776 iqitur
1312 3695 1370 3758 illis
1392 3696 1578 3779 aedificandi

441 3811 596 3873 rationem
619 3813 771 3874 usitatam
794 3830 882 3883 esse,·
905 3822 939 3875 ul
969 3832 1093 3895 campas
1117 3817 1256 3895 inqentes
1279 3814 1473 3895 deprimant,
1496 3823 1578 3878 terra

442 3928 556 3994 circulo
586 3939 689 4009 eqesta
723 3940 751 3992 et
788 3932 999 4012 circumfusa,
1022 3936 1105 4014 [arte
1139 3944 1167 3996 et
1201 3933 1340 3997 bumaris
1363 3934 1398 3994 in
1419 3932 1577 4016 masunda

441 4048 582 4110 eliciendi
607 4065 726 4118 causa,·
750 4059 784 4110 ut
799 4050 858 4112 ‘ita
881 4051 915 4112 in
936 4051 1116 4131 profunda,
1137 4062 1207 4133 post
1240 4049 1374 4114 tumulas
1405 4059 1519 4132 eqeslct
1540 4050 1574 4109 in

442 4166 555 4229 umbra
579 4166 706 4239 lateant,
725 4168 872 4249 intusque
897 4169 938 4232 ad
960 4179 1079 4234 matum
1114 4168 1195 4234 Salis
1230 4181 1259 4233 et
1292 4171 1353 4250 ipsi
1386 4171 1576 4235 circueun-

444 4280 547 4342 bulenl
582 4282 726 4345 umbram
755 4294 983 4358 consectantes,·
1005 4297 1098 4368 atque
1122 4290 1195 4350 baec
1217 4290 1259 4352 sit
1281 4286 1338 4348 illis
1363 4285 1461 4350 ueluti
1481 4303 1575 4368 quat·

443 4398 515 4460 dam
549 4401 661 4480 species
689 4401 775 4463 urbis
803 4403 1055 4477 subterraneae:
1079 4405 1213 4477 damnes,
1236 4405 1402 4486 speluncae
1427 4405 1575 4469 creberri-

441 4534 526 4591 mae,
550 4519 584 4580 in
608 4519 794 4600 crepidinem
817 4522 900 4586 illam
924 4526 1110 4588 circularem
1132 4526 1277 4597 incisae,·
1308 4542 1385 4605 aqer
1408 4535 1438 4590 et
1458 4541 1573 4607 pascua

442 4636 472 4692 in
497 4637 664 4711 mediant
689 4636 791 4703 Solem
812 4644 1010 4723 supientesa
1045 4645 1178 4725 praediis
1208 4654 1399 4708 tamennon
1424 4652 1572 4725 coqamnr

441 4754 587 4816 recedere.
