4109 5934
448 732 512 796 522
808 748 835 792 r.
854 745 968 791 rnonn
987 743 1201 790 canrrnnnnrr

448 878 579 942 habitus
601 881 772 939 creaturae
794 875 936 955 ignoret:
959 875 1054 937 ohcst'
1075 879 1198 945 autom,
1221 872 1249 935 si
1272 871 1354 936 hacc
1377 873 1421 935 ad
1444 873 1580 953 pietatis

447 997 630 1061 doctrinam
654 995 814 1075 pertinere
841 995 1030 1066 arbitretur,
1048 991 1299 1073 etspe‘rtinacius
1321 989 1496 1058 affirmare
1519 1009 1582 1055 au·

447 1114 532 1188 deat,
565 1113 652 1194 quod
676 1115 815 1196 ignorat.
839 1111 935 1190 Quod
954 1117 1067 1174 autem
1085 1110 1171 1174 ohsit
1189 1108 1362 1181 manifeste
1385 1106 1578 1192 (nunqu-

446 1235 556 1313 quitur
580 1231 621 1294 1).
648 1228 780 1295 thrnns
789 1231 821 1313 ),
846 1229 1035 1294 manitestat
1068 1229 1156 1293 idem
1190 1229 1423 1311 Augustinus,
1447 1228 1578 1310 isuper

446 1353 561 1418 Genus.
583 1349 626 1412 ad
649 1349 804 1412 litteram.
827 1349 935 1428 Turpe
953 1353 1015 1422 est,
1034 1347 1153 1426 inquit,
1170 1347 1281 1420 nimis,
1297 1350 1332 1409 et
1347 1346 1577 1428 pernitiosum,

447 1489 485 1533 ac
502 1469 647 1532 maximo
665 1467 863 1540 cavendum,
881 1473 917 1530 nt
933 1482 974 1527 ne
988 1464 1215 1530 Christianum
1224 1465 1270 1527 ·de
1285 1463 1338 1528 his
1354 1464 1469 1538 rebus,
1485 1464 1578 1547 quasi

446 1586 626 1652 secundum
648 1584 854 1650 Christianus
876 1583 988 1646 literas
1012 1582 1215 1662 toquentem,
1238 1582 1284 1644 ita
1309 1580 1459 1645 delirare
1479 1582 1580 1666 quiti-

446 1708 499 1769 het
522 1703 662 1767 infidelis
682 1702 819 1775 audiat,
841 1708 896 1777 et,
919 1699 1200 1784 quemadmodum
1223 1701 1369 1777 dicitur,
1391 1705 1467 1764 toto
1488 1701 1580 1767 coeto

446 1825 599 1888 aberrare
625 1822 851 1903 conspiciens,
875 1821 978 1886 risum
1002 1823 1111 1884 tenere
1134 1820 1192 1883 vir
1215 1820 1327 1900 possit.
1351 1819 1396 1883 Et
1419 1836 1488 1884 non
1511 1825 1579 1884 tam

445 1941 618 2011 molestum
635 1944 695 2014 est,
712 1937 799 2018 quod
818 1954 932 2001 errans
954 1936 1054 2000 homo
1075 1936 1240 2013 videatur,
1257 1935 1314 2000 sed
1330 1937 1424 2017 qnod
1447 1943 1579 2002 autores

446 2056 547 2120 nostri
571 2055 649 2118 tatia
674 2054 814 2118 sensisse
835 2052 1017 2117 creduntur
1040 2055 1083 2117 ah
1100 2054 1158 2127 eis,
1172 2053 1230 2134 qui
1248 2053 1328 2117 ioris
1344 2059 1439 2128 sunt,
1453 2060 1575 2119 etcum

445 2189 567 2254 magno
590 2189 704 2235 eorum
728 2171 831 2234 exitio
853 2172 893 2235 de
916 2188 1058 2251 qnorum
1080 2171 1186 2234 salute
1204 2171 1404 2253 satagimus,
1420 2180 1573 2252 tanquam

446 2289 569 2353 indocti
596 2287 889 2368 reprehenduntur.
914 2287 1007 2352 Unde
1034 2286 1116 2350 mihi
1142 2285 1274 2351 videtm
1294 2288 1405 2352 tutius
1427 2303 1519 2363 esse,
1538 2293 1576 2350 ut

444 2407 527 2469 hacc
551 2422 635 2485 quac
660 2404 842 2486 philosophi
866 2419 1059 2468 communes
1086 2409 1257 2467 senserunt
1279 2409 1312 2467 et
1334 2409 1473 2469 nostrae
1502 2404 1574 2468 tinet

446 2542 511 2589 non
535 2529 735 2606 repugnant,
762 2540 868 2605 neque
890 2540 961 2588 esso
982 2522 1157 2588 asserenda
1179 2522 1413 2588 existimemus
1437 2529 1476 2587 ut
1497 2524 1574 2606 dog·

445 2647 534 2706 mata
559 2640 656 2713 fidei,
680 2640 757 2704 ticet
781 2641 958 2722 aliquando
980 2641 1042 2704 suh
1065 2640 1195 2703 nomine
1229 2639 1504 2722 philosophorum
1524 2641 1574 2704 in·

446 2758 672 2832 troducantur,
688 2775 793 2838 neque
812 2759 860 2822 sic
878 2777 949 2822 esse
967 2759 1118 2842 neganda
1134 2764 1292 2840 tanquam
1310 2757 1389 2824 titini
1405 2764 1574 2826 comunis

445 2893 486 2939 ne
508 2875 711 2957 sapientibus
734 2874 836 2957 hujus
863 2876 978 2938 mundi
1013 2878 1242 2942 contemnendi
1275 2877 1464 2946 doctrinm
1496 2879 1573 2943 fidei

443 2995 575 3059 occasio
597 2995 802 3076 praebeatur.
828 2992 914 3057 Haec
937 2994 974 3056 D.
1000 2993 1135 3061 Thorius
1158 2990 1572 3080 commeminisse&

444 3113 558 3195 quihus
579 3120 663 3195 potet
686 3130 782 3194 quum
805 3114 944 3195 imperite
971 3124 999 3178 et
1021 3123 1134 3181 contro
1154 3125 1282 3199 potrurn
1303 3117 1435 3192 dunen,
1460 3127 1572 3181 recen-

445 3231 536 3293 tiores
559 3229 685 3312 quidcm
716 3227 1001 3302 Aristotetismunr,
1023 3233 1117 3312 puosi
1139 3231 1175 3295 rte
1198 3231 1255 3313 tide
1276 3242 1372 3308 esset,
1394 3232 1572 3315 detentum.

441 3356 604 3427 propterea
628 3347 711 3427 quod
737 3346 774 3408 D.
805 3347 832 3408 T
831 3349 937 3411 tonsos
963 3347 1156 3412 Aristotetem
1178 3321 1381 3431 seposuerit:
1402 3370 1503 3432 quom
1526 3355 1573 3414 his

442 3464 569 3526 omnino
587 3466 785 3528 contrarium
802 3466 917 3535 doceat,
942 3476 976 3529 ut
1001 3469 1034 3528 in
1059 3485 1194 3548 respons.
1214 3470 1307 3531 etium
1325 3470 1369 3532 od
1384 3479 1571 3550 argumento

438 3581 563 3660 ptenr'us
587 3581 768 3646 uidebimus.
793 3582 881 3664 Ergo
910 3583 1033 3666 Utpsses
1050 3585 1246 3666 Atherpettus
1270 3588 1306 3650 ds
1329 3589 1377 3651 ttis
1396 3597 1455 3659 est.
1472 3590 1570 3651 notens

442 3698 550 3762 tunam
572 3702 698 3779 proprio
726 3700 826 3764 tunore
845 3703 971 3774 iumine,
996 3706 1073 3785 quin
1098 3702 1265 3787 Scriptura
1288 3705 1383 3781 dicut,
1407 3707 1488 3772 iuna
1512 3724 1571 3769 non

442 3817 534 3880 dabit
557 3818 667 3880 tumen
692 3836 801 3890 suum,
824 3822 941 3899 socienn
958 3824 1022 3884 nint
1045 3825 1078 3885 in
1096 3843 1208 3896 suum;
1224 3824 1307 3906 quod
1328 3825 1449 3889 notros
1472 3836 1570 3889 tannen

440 3936 563 4012 potitur
577 3935 787 4015 expositiones.
806 3935 868 3999 Sed
880 3939 957 4018 quiet
974 3941 1090 4002 mirum
1105 3941 1232 4020 quondo
1243 3948 1271 4002 et
1283 3941 1348 4021 ipse
1366 3939 1566 4023 Augustinus

441 4061 468 4111 rt
481 4052 536 4129 otij
547 4060 653 4132 potres
670 4051 713 4113 sic
726 4062 921 4126 erraverunt,
936 4073 998 4116 non
1022 4057 1056 4116 in
1080 4057 1253 4138 uniuersali
1266 4074 1363 4137 pucrn
1386 4059 1564 4123 docuerunt.

442 4170 495 4232 seri
513 4173 546 4231 in
560 4172 748 4251 porticntnri
770 4171 865 4250 hujus
889 4173 1057 4253 spitopismi
1073 4173 1278 4256 propositione
1300 4178 1488 4260 deficienter.
1510 4175 1563 4239 ln-

440 4292 575 4351 ctontr'us
610 4288 793 4351 Firmianus
826 4292 906 4351 enim
936 4293 1023 4370 prins
1058 4295 1091 4354 in
1127 4295 1176 4356 nn.
1206 4297 1343 4375 iihcop.
1367 4297 1425 4369 25,
1451 4307 1479 4359 et
1501 4297 1562 4355 Au·

439 4410 584 4482 pristinus
607 4410 639 4469 in
665 4408 736 4472 XV!
759 4408 793 4469 oe
818 4408 948 4471 Ciuitotc
975 4408 1034 4472 Dei
1056 4422 1234 4475 constanter
1268 4415 1448 4494 affirmant,
1482 4412 1562 4475 unti-

438 4524 533 4601 pcrtos
562 4542 624 4585 non
648 4534 773 4597 sutore,
803 4526 878 4604 quiu
905 4524 948 4586 itti
972 4529 1107 4591 homines
1130 4547 1170 4592 esc
1194 4529 1309 4594 Adonei
1332 4550 1395 4595 non
1427 4534 1565 4597 uenerint

438 4642 579 4718 oripine,
603 4642 685 4721 quod
705 4652 747 4704 est
769 4655 879 4706 contro
903 4641 1113 4725 Scripturam,
1135 4648 1299 4725 [ocientem
1322 4668 1363 4712 eu·
1387 4669 1455 4715 unc
1477 4668 1563 4715 omne

439 4775 534 4835 pensas
559 4761 729 4823 hominurn.
745 4744 750 4750 ’
766 4761 895 4824 Addunt
919 4771 945 4823 et
970 4766 1105 4827 notiones
1125 4767 1279 4845 physicos.
1303 4767 1477 4849 Procopius
1502 4767 1565 4832 Gn·
