4109 5934
447 791 587 874 proemio
607 790 766 870 patavinae
787 787 965 867 editionis),
989 789 1130 867 quamvis
1150 787 1188 849 do
1219 788 1295 851 tocie
1326 790 1459 871 oblonga
1487 789 1628 870 ptanetis

447 895 579 966 asserat,
598 907 662 952 non
682 897 786 952 tamen
805 895 924 951 certum
956 889 1083 968 aliquod
1110 889 1262 970 judicium
1294 892 1434 972 praebet,
1454 898 1487 956 et
1509 912 1527 957 a
1551 895 1625 959 diu·

445 991 545 1055 turnis
564 995 814 1053 astronomorum
834 987 1119 1060 observationibus,
1138 1005 1250 1049 caecus
1270 992 1300 1049 et
1320 987 1503 1051 infirmitate
1529 991 1622 1054 labo

445 1109 534 1165 rans,
553 1089 734 1154 sententiam
755 1089 787 1149 in
806 1088 867 1151 bac
888 1105 922 1149 re
943 1087 1052 1149 asserit
1071 1087 1303 1165 expectandam.

525 1188 625 1270 Hujus
645 1189 790 1250 scientiae
809 1186 938 1248 eruditis
959 1191 1081 1266 gratum
1103 1184 1181 1246 toret
1198 1185 1337 1265 accipere
1356 1186 1414 1249 boc
1433 1188 1508 1250 loco
1529 1191 1618 1267 quod

445 1292 579 1354 Jesnitae
600 1290 731 1352 Romani
752 1287 894 1369 Collegii,
904 1287 970 1368 jam
991 1304 1046 1352 sex
1066 1291 1137 1348 ante
1151 1286 1254 1360 annis,
1267 1304 1346 1367 pene
1358 1286 1501 1350 eamdem
1518 1307 1619 1369 appa·

445 1394 576 1456 rentiam
590 1390 780 1472 aspexerint,
794 1395 828 1451 ut
842 1388 1005 1450 deducitur
1018 1406 1037 1449 a
1051 1386 1189 1466 sequenti
1202 1387 1273 1449 loeo
1287 1387 1448 1452 literarum
1460 1406 1620 1467 quarum·

444 1493 515 1555 dam
527 1491 625 1554 Patris
635 1488 845 1568 christophori
861 1486 958 1548 Clarii
970 1487 1008 1547 ad
1020 1484 1206 1558 Galilaeum,
1221 1485 1258 1545 17
1269 1483 1445 1546 Decembris
1456 1503 1509 1548 au.
1523 1487 1616 1548 1610.

447 1596 585 1669 «Questi
605 1596 706 1676 giomi
727 1594 770 1656 mi
791 1594 901 1655 scrisse
917 1592 941 1654 il
961 1591 1017 1671 sig.
1032 1591 1165 1654 Antonio
1177 1588 1294 1655 Santini
1308 1589 1367 1652 che
1387 1589 1424 1651 V.
1444 1590 1474 1651 S.
1489 1591 1533 1654 ba
1548 1611 1619 1656 sco-

448 1720 464 1755 n
487 1702 574 1777 perio
595 1698 652 1759 ebe
671 1694 806 1759 Saturno
826 1693 871 1756 sia
892 1700 1050 1772 composto
1070 1692 1100 1753 di
1122 1698 1168 1754 tre
1186 1691 1289 1764 stelle,
1305 1691 1372 1753 ciod
1391 1691 1448 1753 ebe
1469 1691 1490 1752 li
1513 1694 1619 1756 stiano

447 1815 462 1851 a
485 1795 524 1856 da
545 1798 636 1855 canto
656 1791 717 1852 due
737 1790 825 1852 stelle
845 1789 962 1868 piccote
982 1788 1013 1849 di
1034 1807 1097 1869 qua
1117 1807 1135 1850 e
1155 1789 1185 1850 di
1206 1790 1249 1851 ld.
1274 1787 1388 1861 Questo
1408 1807 1523 1853 ancora
1552 1811 1617 1855 non

446 1894 631 1954 «abbiamo
661 1893 769 1969 potato
802 1905 981 1962 esserrarc3
1013 1890 1080 1951 solo
1110 1889 1253 1951 abbiamo
1274 1895 1378 1952 notato
1402 1906 1461 1952 con
1491 1890 1617 1955 i'istru-

444 2015 460 2050 a
482 1996 601 2062 mento,
621 1989 678 2050 cbe
698 2006 772 2070 pare
793 1990 849 2051 ebe
869 1989 1002 2052 Saturno
1021 1991 1068 2052 sia
1087 1991 1220 2072 oblongo
1239 1991 1272 2051 in
1286 1995 1394 2069 questo
1408 1991 1499 2052 modo
1527 1991 1614 2068 0.

447 2113 463 2150 a
486 2091 598 2154 Vostra
619 2090 761 2172 Signoria
782 2091 891 2172 segniti
913 2108 990 2170 pure
1021 2090 1060 2152 ad
1090 2107 1266 2165 ossariare,
1286 2089 1368 2153 forse
1387 2091 1443 2154 che
1468 2094 1613 2172 scopriri

447 2214 463 2250 a
485 2193 565 2254 altre
584 2208 655 2256 cose
675 2209 753 2254 novo
773 2192 847 2254 nelli
869 2192 940 2255 altri
961 2192 1075 2273 pianeti
1098 2191 1136 2272 tt)
1162 2213 1188 2251 s.
1603 2259 1607 2266 Ι

524 2292 667 2357 denierio
681 2311 805 2373 quoque
816 2294 1023 2356 inventionem
1035 2293 1215 2355 Fasciarum
1225 2292 1309 2356 Joris
1322 2312 1379 2357 sno
1389 2296 1459 2358 loco
1468 2296 1610 2360 sindica-

442 2398 554 2474 bimus,
568 2400 613 2461 uti
629 2404 712 2479 patet
725 2414 780 2478 per
794 2400 965 2479 exemplar,
976 2397 1059 2477 quod
1073 2397 1106 2459 in
1119 2397 1184 2461 suis
1197 2397 1355 2461 codicibus
1368 2402 1474 2460 exacte
1488 2398 1611 2461 descri-

440 2504 526 2579 ptum
548 2498 725 2579 adspicitur.
745 2496 864 2559 Novum
886 2499 944 2561 boc
965 2498 1168 2579 negligentiae
1188 2497 1404 2579 argumentum
1418 2497 1464 2560 itti
1482 2499 1535 2572 sit,
1551 2501 1608 2579 qui

440 2596 576 2659 Renierii
596 2599 710 2676 scripta
732 2597 838 2660 multis
852 2598 941 2659 annis
956 2603 1120 2675 antequam
1136 2616 1193 2678 ego
1206 2599 1273 2680 ipsa
1288 2599 1516 2674 examinarem,
1529 2617 1608 2679 prae

440 2694 540 2755 ocutis
559 2693 682 2765 habuit,
695 2700 727 2757 et
738 2713 839 2776 nuper
852 2697 884 2756 in
899 2696 1052 2757 liberculo
1067 2714 1162 2777 supra
1172 2698 1277 2772 citato,
1288 2715 1358 2778 pag.
1369 2696 1425 2773 38,
1442 2698 1534 2778 bajus
1555 2701 1608 2762 in·

440 2791 590 2856 ventionis
607 2795 740 2875 gloriam
760 2795 891 2858 Jobauui
912 2795 1075 2859 Dominico
1095 2795 1234 2861 Cassinio
1254 2798 1380 2874 tribuit,
1410 2817 1505 2879 quam
1534 2802 1607 2864 atiis

434 2893 501 2972 jam
524 2897 613 2956 antea
633 2895 801 2957 Ricciolius
822 2894 1013 2974 apertissime
1034 2895 1201 2960 referrebat
1222 2897 1276 2978 (2).

518 2992 603 3057 Haec
622 2997 683 3059 mei
705 3002 771 3059 erat
790 2997 965 3068 dactarare,
980 3001 1057 3060 utet
1071 2998 1147 3060 mibi
1168 3006 1197 3060 et
1217 2997 1345 3062 Pubtteo
1360 2998 1444 3062 circa
1464 2963 1605 3064 boc-'rite

442 3094 660 3159 satisfacerem.

495 3320 527 3380 (t)
544 3316 618 3370 MSS·
634 3316 722 3378 aaut,
740 3318 768 3370 P.
785 3319 835 3378 itt,
852 3320 883 3370 Τ.
900 3319 960 3381 vu,
977 3325 1042 3371 sect.
1057 3326 1082 3380 2,
1099 3320 1171 3371 char.
1188 3323 1212 3368 a.

492 3402 525 3460 (a)
543 3399 724 3463 ntmagastum
741 3403 852 3462 Nonum,
870 3403 945 3455 Tem.
964 3403 985 3455 i.
1002 3418 1060 3466 pag.
1077 3409 1135 3463 titt,
1156 3403 1207 3453 eol.
1223 3408 1248 3451 2.

1158 3619 1316 3663 suasurus
1328 3611 1485 3663 sarbarus
