4109 5934
723 841 785 906 Fll.
810 841 970 907 THOMAE
995 839 1292 906 CAMPANELLAE

824 1056 938 1094 cautant
962 1055 1054 1093 olibis.
1078 1054 1194 1092 PllAElllC.

554 1251 907 1344 luoiouia
958 1250 1091 1340 PRO
1142 1250 1465 1340 GALlLAEO

806 1476 1004 1516 minumae
1026 1474 1210 1522 atonnnrtao,

489 1653 546 1717 ubi
558 1651 752 1732 disquiritur
762 1657 875 1715 utrum
891 1652 977 1715 ratio
992 1650 1255 1730 philosophandi,
1268 1668 1368 1732 quam
1381 1650 1537 1721 Gatiiaue

489 1771 654 1844 celebrat,
682 1769 791 1834 laneat
824 1770 933 1834 Saoris
967 1769 1144 1850 Scripturis
1177 1789 1220 1833 an
1254 1771 1449 1834 adversetur
1480 1771 1535 1854 (ll.

499 1971 641 2027 Illoalriaa.
660 1980 684 2026 et
703 1970 765 2027 llec.
788 1971 821 2027 li.
845 1968 998 2028 Rouaramo
1016 1971 1169 2028 Cenomani
1189 1972 1350 2040 Cerauno,
1373 1975 1528 2029 italicorum

496 2073 627 2127 metatum
642 2081 760 2143 patrono
788 2073 972 2128 colendissimo
993 2070 1020 2127 S.
1039 2072 1071 2127 P.
1090 2071 1122 2126 u.
1149 2072 1177 2127 F.
1192 2069 1307 2128 Taoaaas
1325 2071 1528 2140 Caussarum

534 2243 608 2300 Ecce
627 2245 707 2300 mitto
726 2245 775 2300 tibi
794 2244 828 2300 ii.
847 2244 978 2312 Domine,
993 2247 1196 2316 quaestionem,
1221 2247 1301 2315 jussu
1316 2252 1363 2299 tuo
1386 2247 1576 2303 elaboratam:

445 2345 492 2402 ubi
511 2345 547 2401 de
567 2350 645 2402 motu
663 2345 783 2413 lebona,
804 2351 833 2402 et
852 2346 977 2402 stellatae
999 2345 1109 2402 slaerae
1127 2346 1289 2414 stabilitate,
1308 2351 1338 2401 et
1365 2347 1478 2401 ratione
1495 2353 1581 2417 syste

445 2445 526 2501 matis
545 2445 747 2516 Coparnicaei,
765 2446 877 2516 disputo
896 2447 1051 2503 secundum
1071 2461 1164 2503 sacras
1183 2447 1298 2503 litteras.
1318 2447 1360 2501 Tu
1374 2447 1438 2503 vide
1449 2447 1516 2518 quid
1533 2463 1575 2503 re

445 2549 521 2600 ctum
542 2545 647 2601 (lictum
660 2545 696 2600 sit
706 2564 714 2613 3
726 2545 792 2618 quid
815 2544 883 2602 item
909 2545 1120 2603 defendendum
1136 2547 1185 2602 tibi
1202 2551 1250 2601 aut
1263 2528 1449 2609 retinendumr
1464 2546 1575 2618 quando

443 2658 460 2700 a
478 2643 582 2701 Sancto
600 2642 704 2701 Senatu
719 2643 748 2701 ld
765 2646 793 2701 in
808 2644 947 2702 mandatis
965 2645 1061 2702 babes.
1080 2643 1176 2703 ileum
1188 2662 1240 2717 ego
1254 2645 1391 2716 iodicium
1418 2661 1475 2700 non
1494 2646 1577 2701 modo

445 2745 476 2801 s.
493 2742 638 2802 Ecclesiae
653 2746 795 2813 submitto,
813 2745 863 2802 sed
882 2745 996 2802 cuilibet
1007 2745 1108 2802 mellus
1120 2745 1250 2816 sapienti3
1268 2745 1391 2802 maxime
1404 2748 1497 2802 autem
1512 2746 1571 2802 tibi.
1681 2760 1685 2770 ⁴

445 2859 589 2901 musarum
606 2844 764 2901 italicarum
783 2850 916 2916 patrouo;
938 2860 994 2916 quo
1021 2845 1135 2900 vivente
1162 2860 1219 2899 non
1251 2846 1380 2915 peribunt
1409 2846 1480 2901 illae.
1502 2847 1574 2901 Vive

443 2960 511 3016 erqo
527 2946 558 3000 in
575 2949 730 3002 aeternum.
748 2947 849 3004 Amen.

517 3107 553 3166 (1)
566 3104 748 3169 armans.
765 3108 889 3170 amma
907 3103 1043 3165 aecanos
1062 3104 1221 3169 remmono,
1233 3107 1304 3168 appo
1315 3104 1573 3168 ermenmarus,
1655 3088 1658 3092 ’

444 3209 513 3242 nono
529 3200 595 3256 iiii,
611 3197 641 3244 in
657 3197 693 3246 t.⁰

518 3285 539 3333 11
555 3286 719 3350 Campanella
735 3288 845 3338 essendo
870 3291 974 3339 lottaria
1001 3291 1117 3352 priqiooc
1141 3293 1166 3338 in
1188 3288 1280 3350 Napoli
1297 3291 1390 3339 scrisse
1407 3295 1496 3354 questa
1514 3302 1574 3352 ope

445 3382 511 3426 retia
529 3379 570 3428 nel
588 3384 657 3432 loia.
674 3381 781 3443 giaccbe
799 3380 842 3429 nel
859 3393 923 3443 capo
940 3381 974 3435 11.
993 3397 1020 3430 n.
1037 3386 1060 3438 t.
1078 3382 1128 3445 egli
1146 3382 1171 3430 lo
1188 3384 1287 3432 cbiama
1304 3382 1398 3431 l'nnno
1410 3388 1544 3444 presente.
1559 3394 1574 3427 e

445 3468 587 3518 delimntlo
603 3469 625 3518 la
643 3472 782 3521 medesima
798 3473 822 3520 al
839 3471 959 3520 Cardlnal
975 3470 1084 3521 Gaeianl
1101 3473 1156 3521 alica
1167 3474 1292 3522 ditrattar
1309 3472 1333 3520 la
1349 3475 1486 3536 questione
1502 3474 1575 3522 ‹l'or-

444 3559 506 3608 dine
521 3572 577 3616 suo.
595 3568 695 3610 mentre
711 3563 790 3612 donea
806 3564 891 3627 questi
910 3575 955 3623 per
971 3564 1155 3613 commissione
1171 3563 1213 3611 alei
1230 3564 1424 3622 sacrosancto,
1441 3565 1497 3613 ciotl
1508 3564 1574 3613 della

445 3650 635 3714 inquestione,
652 3654 706 3701 disc
724 3657 827 3703 intorno
844 3652 869 3703 la
886 3652 1026 3704 medesima
1044 3655 1060 3703 ii
1078 3655 1182 3718 proprio
1198 3654 1365 3705 sentimento.
1394 3655 1523 3706 L'autore
1541 3670 1574 3706 ne

445 3744 541 3794 mando
559 3746 631 3808 copia
647 3759 661 3795 a
678 3745 793 3800 uitrico,
809 3760 884 3796 come
901 3747 1018 3797 abbiamo
1035 3747 1102 3797 dalla
1119 3745 1210 3797 lettera
1227 3745 1270 3795 del
1288 3747 1367 3797 t'adre
1383 3746 1480 3809 latiis,
1495 3752 1511 3795 ti
1527 3754 1577 3797 set·

443 3835 547 3885 tembra
562 3838 631 3896 ibit,
648 3837 744 3888 edalla
761 3852 806 3888 sua
824 3844 903 3889 stessa
919 3838 961 3890 ‹lel
978 3842 994 3888 3
1010 3839 1161 3897 novembre,
1179 3840 1209 3888 da
1227 3839 1269 3888 nol
1287 3836 1406 3901 prodotte
1422 3854 1436 3888 a
1454 3852 1511 3901 pag.
1529 3843 1572 3889 391

444 3940 460 3977 e
476 3940 548 3993 seqq.
566 3929 607 3980 atel
622 3928 707 3980 'tomo
723 3931 801 3988 vill:
817 3933 849 3982 ed
865 3931 933 3983 alteo
947 3931 1094 3995 esemplare
1109 3945 1143 3981 ne
1160 3931 1277 3981 trasmiss
1297 3942 1313 3979 a
1336 3928 1416 3980 Tobla
1434 3928 1538 3986 adami.
1557 3929 1574 3977 11

442 4020 520 4084 qaale
536 4020 563 4070 lo
578 4023 634 4072 ioca
646 4024 689 4086 piu
701 4025 765 4074 111111
782 4024 939 4088 pubblicum,
959 4036 1035 4075 come
1049 4037 1137 4088 sopra,
1154 4025 1180 4073 in
1191 4022 1341 4076 Germania.
1361 4021 1575 4085 (neomaenias.

444 4111 506 4163 Ora.
524 4113 653 4173 Paeonio..
670 4115 729 4166 Vol.
744 4117 780 4170 ll.
796 4133 853 4181 paq.
871 4120 936 4179 bit).
953 4118 1088 4168 Temendo
1104 4129 1225 4180 appresso
1241 4116 1259 4165 11
1274 4115 1443 4180 campanella
1458 4115 1482 4165 ‹l'
1494 4115 1577 4164 incoa-

442 4214 502 4251 rere
518 4203 585 4253 nella
602 4217 712 4255 censura
729 4206 977 4270 deil'lnqnisizione‚
995 4190 1110 4257 alcuino
1126 4208 1167 4268 poi
1183 4207 1208 4256 ali
1225 4220 1278 4256 non
1295 4207 1460 4257 alconosoeas
1471 4219 1517 4268 per
1529 4218 1575 4254 sua

442 4305 554 4345 nessnm
569 4296 637 4345 della
652 4310 731 4360 opere
748 4310 800 4346 non
818 4297 880 4347 litte
897 4299 1029 4361 stampare
1045 4299 1229 4348 direttamente
1245 4298 1277 4347 da
1295 4296 1346 4354 lul:
1369 4310 1411 4347 rna
1428 4295 1496 4347 dalle
1513 4297 1577 4345 atte

443 4387 551 4436 stationi
565 4388 710 4438 surriierite
725 4389 856 4450 sappiamo
872 4387 983 4450 eppleno
998 4403 1013 4438 a
1029 4389 1080 4439 ebe
1098 4389 1244 4440 doaesaene
1260 4391 1351 4438 tenere
1367 4390 1473 4439 intorno
1490 4400 1504 4436 a
1526 4387 1577 4436 clo.

444 4473 466 4523 li
482 4474 606 4536 Venturi.
624 4477 667 4528 nel
685 4479 810 4541 principio
825 4475 894 4526 della
910 4479 1022 4528 secontia
1038 4483 1111 4542 parta
1127 4478 1195 4528 dalle
1218 4491 1265 4528 sue
1290 4479 1413 4529 Menaria
1429 4491 1442 4526 s
1458 4477 1577 4542 Lattara,

444 4567 478 4616 ba
494 4574 582 4618 necato
598 4569 683 4620 alcuni
699 4570 778 4633 pochi
794 4569 867 4618 braoi
882 4569 907 4617 (ll
923 4569 1149 4634 queat'opnscolo‚
1167 4571 1217 4620 che
1233 4570 1315 4632 peria
1328 4575 1420 4620 natura
1437 4569 1505 4621 della
1522 4583 1579 4633 pre·

444 4663 518 4708 sente
534 4661 650 4712 edizione
669 4662 737 4712 delle
761 4662 845 4724 Opere
861 4661 886 4712 (11
902 4660 1011 4719 Gallico,
1028 4661 1045 4713 b
1061 4675 1137 4724 passo
1153 4676 1167 4710 a
1184 4663 1228 4712 noi
1244 4661 1344 4713 noverat
1366 4661 1515 4724 riprodurre
1531 4674 1578 4726 per

443 4752 536 4799 iniero.
