4109 5934
444 723 509 787 bis
809 717 836 778 ir.
860 729 975 778 roano
1000 728 1214 778 cinnamis

439 888 459 932 a
483 865 619 931 Galilaea
642 865 731 938 absit,
750 864 855 944 palam
878 869 935 932 ast:
963 877 1062 942 noque
1080 866 1124 922 cst
1143 857 1227 941 quoti
1244 859 1468 920 immoramur.
1490 856 1586 938 troy-

443 1003 490 1050 scs
513 984 636 1066 quidam
660 986 733 1046 baca
755 980 861 1045 omnia
883 981 1003 1052 tacuit,
1026 979 1103 1061 quia
1125 978 1221 1059 laasm
1243 985 1352 1043 nostro
1376 976 1500 1042 mundo
1522 977 1583 1039 da-

445 1111 523 1174 tam,
547 1119 611 1166 noa
632 1099 856 1183 pbpsiolapiam
878 1103 1084 1177 systematum
1106 1102 1292 1160 cunctorum
1320 1095 1496 1168 scribebat,
1518 1097 1581 1158 imo

446 1238 501 1281 acc
525 1219 635 1290 nostri,
658 1217 719 1279 nisi
742 1221 898 1296 quantum
922 1214 982 1294 ispi
1005 1232 1081 1295 aput
1105 1223 1183 1278 arai.

776 1498 777 1501 η
886 1450 937 1514 Ad
959 1449 1142 1514 Decimum.

535 1686 587 1750 Ab
609 1687 774 1760 maiarum,
798 1704 885 1766 nepo,
908 1685 1092 1750 scanlalum
1111 1685 1262 1757 activam,
1284 1685 1369 1766 quoa
1392 1685 1584 1750 solummodo

446 1815 571 1871 natatur
587 1806 621 1867 in
646 1800 839 1884 Eaanpalia,
863 1803 941 1867 oriri
962 1821 1004 1867 aa
1026 1798 1174 1867 Galilaea.
1197 1799 1270 1866 Non
1292 1804 1381 1866 anim
1404 1818 1499 1869 cacat
1521 1807 1582 1885 ipse

446 1927 492 1989 rai
513 1924 645 1996 illicitas,
667 1921 719 1985 scd
736 1921 881 2002 intlapini
904 1921 1059 1992 caritatis,
1078 1936 1175 2003 quam
1190 1919 1323 1984 mantlai
1338 1928 1367 1982 ei
1378 1920 1472 2002 jubet
1495 1919 1585 1992 Deus,

447 2051 482 2105 ut
502 2049 587 2124 patet
608 2059 649 2105 aa
671 2041 830 2122 bypotbroi
852 2038 990 2102 arcuada
1012 2040 1046 2102 in
1070 2039 1162 2103 tortio
1183 2039 1283 2120 capita
1305 2038 1408 2119 bajus
1423 2040 1583 2120 questio-

448 2162 521 2232 air,·
544 2166 574 2222 ct
596 2177 637 2223 aa
661 2157 845 2238 Eaanpolio,
869 2157 923 2220 ubi
947 2156 1092 2221 Cbristus
1117 2156 1269 2221 talantum
1290 2173 1314 2220 a
1333 2175 1368 2220 ss
1391 2157 1495 2220 datum
1518 2156 1581 2220 sub

442 2280 552 2359 paonis
574 2277 724 2340 maaimis
748 2274 847 2355 basoli
875 2283 967 2339 natat.
991 2271 1036 2337 itt
1058 2271 1094 2337 S.
1112 2269 1284 2353 Grrporiss
1306 2291 1412 2369 sapor·
1428 2270 1580 2337 lambie-

447 2397 505 2460 lom
526 2397 584 2460 ait:
609 2395 643 2461 Si
666 2396 706 2460 do
730 2395 868 2458 veritae
882 2392 1076 2457 scandalum
1091 2392 1245 2464 sumitur,
1259 2391 1380 2457 utilius
1396 2394 1487 2459 nasci
1503 2411 1582 2474 por-

447 2517 590 2579 mittitur
606 2513 812 2588 saandolom,
834 2528 935 2593 quom
957 2511 1046 2593 quad
1070 2513 1192 2577 nomios
1206 2512 1426 2594 relinqantur.
1447 2509 1492 2575 Bt
1508 2530 1581 2575 cum

445 2632 739 2696 scandalizarentur
761 2633 801 2696 ab
825 2632 881 2695 lloc
907 2629 1082 2706 Pbarisaci,
1106 2630 1187 2694 dimit
1206 2629 1360 2714 cbristus,
1378 2629 1477 2695 Mati.
1501 2631 1583 2696 xV:

448 2748 550 2813 Sinite
571 2766 638 2820 oos,
661 2750 750 2812 coeci
774 2753 851 2812 sunt
873 2752 906 2812 st
929 2748 1030 2812 ducos
1052 2762 1237 2811 abacorum.
1267 2743 1361 2822 otiari
1378 2756 1489 2813 amam
1504 2748 1582 2811 aiei·

448 2876 514 2937 tar,
537 2874 690 2946 icamiam
713 2883 776 2928 osso
798 2866 988 2928 sententiam
1011 2864 1189 2929 Aristotelis
1204 2882 1226 2928 a
1242 2865 1433 2930 scialauicir
1454 2866 1494 2928 tie
1516 2885 1587 2929 car·

449 2983 573 3047 lactibus
591 2990 619 3045 et
640 2982 748 3044 mantii
766 2982 1007 3059 constructioni,
1023 2991 1059 3046 ui
1077 2982 1268 3063 conformem
1279 2982 1453 3063 molaniae,
1466 2992 1498 3044 at
1517 3002 1586 3047 non

446 3101 532 3165 ultra
547 3100 772 3174 insalutarium,
795 3117 886 3163 error
908 3110 962 3172 est,
988 3119 1026 3163 nr
1047 3100 1151 3164 dicam
1174 3101 1325 3165 aaran.
1348 3096 1458 3165 θνα
1481 3117 1584 3164 mam-

445 3237 505 3298 que
526 3227 629 3298 patros
650 3216 878 3280 Aristotelismo
893 3217 1132 3280 contrariantur
1153 3217 1189 3279 in
1212 3216 1263 3292 iis,
1287 3235 1368 3299 quac
1389 3216 1425 3280 tia
1449 3216 1537 3281 caclo
1555 3228 1584 3281 ci

445 3337 673 3398 constructione
698 3335 807 3397 mandi
831 3335 923 3408 dimit,
947 3344 982 3397 at
1006 3354 1047 3398 ea:
1070 3335 1205 3398 secunda
1227 3338 1390 3417 bppotbrsi
1406 3348 1434 3398 rt
1451 3356 1495 3400 cm
1518 3356 1584 3399 res·

444 3453 593 3532 poncione
616 3452 657 3513 od
679 3454 692 3515 l
711 3461 738 3513 rt
763 3454 833 3516 vili
851 3453 921 3532 jam
949 3455 1065 3533 patuit.
1100 3450 1284 3515 Sabalastici
1317 3472 1413 3526 nero,
1450 3472 1583 3535 qaorum

445 3572 596 3651 principes
621 3582 694 3634 sant
720 3571 832 3634 Petras
858 3570 1050 3635 [lombardas
1068 3582 1096 3634 ct
1116 3569 1153 3633 D.
1175 3571 1204 3632 T
1202 3574 1307 3635 bomar
1333 3571 1494 3654 Aqrtinas,
1515 3591 1583 3635 ma·

448 3687 555 3763 milesia
574 3688 720 3768 pandant
743 3689 889 3767 dopmata
914 3687 1089 3752 Aristotelis
1121 3708 1183 3752 non
1209 3707 1299 3769 posse
1331 3707 1405 3752 cum
1436 3690 1580 3753 doctrina

448 3801 566 3884 Moysis
589 3812 617 3865 et
638 3813 766 3884 patrum
791 3807 824 3866 ia
858 3806 905 3866 bis
938 3812 1021 3867 stare
1050 3802 1100 3888 (ut
1122 3806 1226 3886 patuit
1248 3823 1288 3868 ra
1311 3808 1465 3885 responsi.
1490 3808 1533 3870 ati
1554 3809 1577 3871 ll

448 3929 475 3980 ot
493 3922 574 3990 Vili,
595 3931 622 3982 ot
647 3939 687 3983 ra
710 3922 778 3982 aliis
796 3923 867 4000 jam
889 3921 978 3984 dictis
1002 3925 1035 3984 in
1060 3925 1116 3987 boc
1138 3922 1303 4006 articulo),·
1322 3923 1456 3987 iancnta
1476 3935 1577 3988 aatcm

449 4034 580 4099 Galilaei
603 4039 791 4101 concordare
815 4057 886 4101 cam
911 4037 944 4101 S.
964 4037 1143 4122 Scriptura,
1166 4060 1331 4124 eamqaaa
1353 4050 1482 4107 tortura
1499 4046 1578 4107 tleo·

445 4154 585 4233 lnporum
600 4164 629 4215 ot
645 4157 842 4219 irrisionibus
862 4158 1115 4238 pbilosophorum
1138 4160 1313 4232 vindicare:
1336 4172 1364 4222 ot
1384 4162 1575 4243 pbilosopias

448 4289 510 4336 osse
532 4273 679 4352 fallaces:
701 4285 889 4358 patrumque
914 4278 1091 4341 testimonia
1126 4280 1288 4342 veraciora
1317 4297 1416 4359 qaam
1443 4279 1573 4361 pillosa-

444 4395 589 4473 pborum.
615 4392 725 4459 Nescio
748 4414 806 4459 cat
829 4396 917 4460 librat
936 4400 1100 4473 caecutire,
1124 4408 1153 4461 rt
1175 4401 1242 4462 sinc
1265 4398 1412 4462 doctrina
1427 4397 1579 4479 salmasio

447 4511 561 4590 surore,
585 4523 641 4576 aat
665 4516 732 4577 sinc
756 4515 818 4577 zelo
842 4516 1017 4579 doctrinam
1040 4526 1197 4580 sensatam
1219 4518 1416 4598 impupnare.
