4109 5934
629 778 825 826 arietinorum
845 779 887 825 ox
911 777 1125 825 enormitate
1143 778 1276 827 autenm
1453 759 1518 828 629

384 906 560 984 Schihardi,
574 909 666 989 cujus
681 909 715 971 iu
729 905 949 990 Huperaspiste
963 907 1005 971 od
1019 907 1070 969 hh.
1088 907 1141 982 III,
1155 925 1222 988 cap.
1239 905 1354 983 xvm,
1372 924 1459 971 num.
1478 908 1520 974 18

383 1027 417 1106 ht
441 1024 563 1097 mentio,
586 1023 758 1087 admonuit.
783 1023 910 1100 Fateor,
933 1042 996 1087 non
1019 1026 1147 1088 omnino
1164 1041 1274 1088 cenem
1290 1033 1346 1098 est,
1364 1023 1449 1107 quod
1463 1041 1520 1088 ne·

384 1141 480 1223 pavi:
501 1157 539 1204 ea
560 1159 640 1223 quae
662 1149 738 1204 sunt
759 1152 865 1215 recta,
895 1159 957 1205 non
989 1159 1077 1223 posse
1112 1142 1191 1205 citra
1217 1142 1457 1222 refractionem,
1483 1143 1518 1203 in

385 1258 465 1322 coeto
479 1258 708 1338 repraesentari
730 1275 838 1328 curua,
862 1257 908 1322 oet
929 1275 1002 1320 cum
1021 1256 1194 1338 parattoci,
1212 1257 1260 1319 oet
1278 1257 1372 1321 etiom
1387 1259 1455 1319 sine
1472 1274 1520 1320 eo.

387 1375 466 1438 Cum
489 1375 570 1437 hanc
587 1374 781 1454 nepotiouem
791 1375 1025 1455 perscriberem,
1042 1374 1251 1438 oerrotontur
1269 1375 1303 1437 in
1321 1376 1428 1439 animo
1442 1391 1521 1456 pro·

380 1475 530 1572 jectioues
545 1490 713 1554 visibilium
735 1507 841 1554 rerum
864 1492 897 1553 iu
918 1488 1065 1572 pianum:
1082 1499 1111 1554 et
1129 1500 1221 1554 notae
1239 1499 1313 1555 sunt
1327 1493 1523 1574 praeceptio·

338 1599 340 1602 ’
386 1627 441 1673 nes
464 1609 629 1689 prophicoe
650 1625 705 1671 seu
723 1610 945 1689 perspectione,
969 1626 1050 1689 quoe
1073 1617 1321 1691 quantacunque
1339 1609 1521 1673 diversitate

382 1728 627 1809 propinquitatir
650 1727 853 1790 terminorum
876 1726 1011 1808 ohcuius
1043 1736 1157 1802 rectae,
1186 1744 1305 1808 semper
1328 1727 1395 1809 ejus
1418 1736 1521 1792 rectae

387 1845 518 1925 oestipia
534 1844 816 1926 repraesentatorio
838 1861 933 1925 super
953 1845 1049 1925 phono
1066 1846 1210 1926 pitturae
1228 1846 1263 1908 in
1281 1855 1398 1909 rectam
1416 1845 1522 1909 itidem

388 1963 501 2026 tineam
521 1961 678 2025 ordinant.
703 1958 746 2023 te
768 1978 842 2025 oero
862 1962 948 2026 uisus
973 1949 1077 2026 noster
1102 1963 1223 2027 nuttum
1244 1957 1375 2044 pianum
1390 1979 1450 2044 pro
1473 1972 1523 2026 ta·

388 2081 463 2144 heho
486 2080 597 2151 hahet,
619 2080 655 2143 in
678 2096 743 2161 qua
764 2079 986 2160 contempletur
1016 2079 1175 2160 picturam
1209 2081 1448 2162 hemisphaerii,
1470 2079 1525 2144 ced

388 2199 500 2280 {omem
521 2198 606 2263 ittam
628 2197 720 2270 coeh',
743 2213 838 2278 super
863 2213 928 2279 quo
950 2196 1033 2261 uidet
1059 2195 1219 2272 cometas,
1243 2199 1441 2279 imapinatur
1463 2199 1523 2263 sihi

388 2315 581 2399 sphaericam
594 2315 748 2378 iustinetu
766 2314 906 2378 naturali
920 2315 1067 2388 visionis:
1081 2315 1116 2377 in
1132 2331 1304 2380 concocunt
1322 2332 1397 2378 vero
1411 2316 1525 2396 sphae-

389 2436 492 2498 ricum
514 2431 747 2513 siprojieiatur
766 2432 892 2513 pc'cturo
913 2420 1021 2495 rerum
1055 2433 1147 2496 rectis
1180 2432 1270 2496 Iineis
1297 2439 1523 2506 extensarum,

392 2568 502 2615 eorum
524 2550 656 2631 oestipio
678 2566 743 2614 non
767 2549 981 2614 erunt'tineae
1003 2559 1115 2626 rectae,
1136 2549 1189 2614 sed
1205 2551 1375 2614 mehercule
1398 2566 1524 2623 curoae,

392 2668 502 2733 circuti
524 2669 676 2731 nimirum
698 2668 834 2732 munioni
854 2669 1013 2748 sphaerae,
1034 2672 1061 2731 si
1083 2670 1168 2733 visus
1190 2670 1225 2732 iu
1246 2669 1314 2750 ejus
1338 2677 1448 2733 centro
1470 2670 1523 2745 eit,

392 2794 428 2848 ut
449 2784 594 2849 docemur
615 2785 652 2848 de
671 2785 859 2866 projectione
894 2787 1085 2850 circulorum
1117 2788 1152 2849 in
1185 2785 1400 2850 astrolabium.
1435 2783 1522 2850 Haec

392 2905 523 2986 inquam
544 2903 740 2967 concedendo
761 2913 805 2968 est
839 2905 956 2969 caudae
991 2903 1132 2970 cometae
1165 2905 1327 2980 cursitas,
1350 2904 1451 2987 quatit
1481 2911 1528 2968 eet

393 3023 532 3087 cursitas
554 3023 589 3086 in
611 3023 748 3086 arcubus
771 3024 881 3088 circuti
902 3025 1046 3088 monim.
1071 3023 1113 3087 tt
1136 3024 1312 3087 memineris
1336 3024 1470 3086 uicissim
1488 3019 1525 3085 de

394 3140 451 3202 hac
472 3140 625 3203 curvitate
648 3141 859 3222 quaestionem
882 3140 1001 3203 nuttam
1024 3158 1088 3204 esce
1122 3140 1209 3221 opud
1240 3132 1451 3212 astronomus:
1473 3145 1529 3202 ut-

390 3264 463 3337 pote
485 3274 565 3339 puae
590 3257 723 3340 quadret
744 3258 786 3322 ad
807 3257 1020 3321 rectitudinem
1043 3258 1095 3339 pti,
1119 3268 1231 3323 contro
1252 3257 1408 3323 coelestem
1429 3273 1530 3341 appa-

393 3373 529 3436 rentiam
553 3374 689 3443 estensis
722 3389 797 3436 nam
831 3372 866 3436 de
899 3372 953 3436 iiio
981 3373 1140 3456 quuimur
1172 3376 1415 3451 incurvatione,
1448 3391 1530 3457 quoe

393 3490 511 3554 excedit
533 3500 629 3554 metas
663 3506 757 3552 arcus
780 3487 816 3551 de
838 3487 956 3551 circuio
977 3488 1142 3565 monimo,
1165 3507 1261 3571 quam
1293 3500 1436 3553 notemus
1470 3473 1532 3571 op·'

390 3606 497 3687 piieoti
518 3607 561 3690 hii
583 3607 800 3686 direrepontia.
826 3602 871 3668 De
893 3623 931 3668 eo
956 3622 1067 3668 uerum
1093 3612 1137 3667 est
1167 3605 1355 3679 etiamnum,
1386 3604 1470 3686 quod
1494 3607 1529 3666 in

399 3724 505 3804 opticis
525 3724 734 3805 praescripsi,
757 3723 809 3787 itta
832 3741 913 3806 quae
936 3731 1012 3786 sunt
1034 3740 1103 3786 nere
1125 3730 1233 3798 recto,
1256 3720 1345 3785 uuita
1371 3721 1531 3803 porottoeoi

394 3859 482 3922 posse
505 3843 683 3924 detorqueri
705 3843 738 3902 in
762 3839 853 3905 tatem
877 3841 1072 3905 curvationis
1095 3841 1232 3922 speciem.
