4109 5934
448 717 490 782 58
806 731 1056 779 onsnnvarmrucs
1077 731 1126 780 an.
1153 715 1238 781 tulo

502 861 560 923 llic
579 861 632 934 27,
652 860 727 923 hora
751 860 781 932 ·2‚
803 859 876 921 min.
899 857 950 931 30,
971 863 1032 921 tren
1059 859 1218 922 adstabant
1240 858 1381 922 Plauetne
1400 862 1615 928 occidentales

443 982 550 1029 omnes
570 964 602 1026 in
623 964 680 1025 lnac
701 959 858 1041 positione.
890 957 1030 1021 Vicinior
1060 958 1128 1021 lori
1160 962 1267 1023 aberat
1286 961 1326 1023 ab
1345 978 1383 1023 co
1403 962 1479 1024 min.
1502 964 1538 1038 23
1561 983 1609 1026 se·

447 1085 543 1147 quens
564 1066 603 1128 ab
624 1065 681 1126 hoo
702 1061 816 1143 pariter
837 1060 910 1123 min.
931 1061 966 1134 2;
987 1061 1208 1125 occidentalinr
1229 1079 1301 1124 vero
1315 1062 1396 1124 hunc
1416 1060 1482 1124 tere
1504 1069 1612 1145 tange-

446 1170 512 1231 bat:
533 1165 653 1230 medius
672 1162 848 1246 paullulum
867 1163 898 1224 in
913 1163 1039 1226 boream
1061 1163 1270 1249 attollebatur,
1290 1173 1417 1242 cratque
1438 1163 1610 1226 admodum

447 1271 585 1350 exiguus.
607 1266 747 1330 Vicinior
767 1264 833 1327 Jori
867 1270 933 1328 erat
965 1267 1127 1347 aliquanto
1158 1265 1272 1345 major,
1306 1264 1358 1328 scd
1390 1263 1613 1327 occidentalior

449 1371 547 1435 adhuc
568 1369 764 1449 apparentior
785 1375 860 1430 erat.

447 1576 491 1624 Or.
561 1521 564 1526 Ι
1005 1551 1056 1653 Θ
1094 1584 1115 1623 a
1157 1583 1208 1622 a*
1553 1572 1614 1621 0cc.

507 1769 561 1830 liic
575 1768 628 1842 28,
643 1769 735 1839 hora,
754 1767 787 1838 l,
802 1784 863 1826 uua
878 1770 995 1827 tantum
1014 1766 1118 1828 aderat
1139 1767 1233 1829 Stella
1256 1766 1471 1840 occidentalis,
1491 1765 1610 1829 distans

446 1890 464 1933 a
485 1870 558 1932 Jove
579 1868 653 1931 min.
673 1868 707 1940 33
729 1873 855 1944 eratque
876 1866 1146 1946 satis‘conspicua.

444 2075 489 2122 or·
999 2049 1050 2152 ᾧ)
1099 2083 1121 2121 a

506 2262 560 2325 llic
580 2262 631 2336 29,
652 2266 731 2328 duae
763 2264 943 2326 videbantur
974 2262 1101 2338 Stellae,
1132 2264 1295 2327 orientales
1326 2264 1445 2326 ambae.
1468 2263 1610 2327 Vicinior

447 2363 512 2425 lovi
533 2370 599 2427 erat
619 2364 785 2426 admodum
805 2365 933 2444 exigua,
953 2369 982 2426 et
1003 2365 1043 2427 ab
1062 2365 1118 2426 illo
1137 2365 1267 2427 distabat
1287 2365 1362 2426 min.
1376 2365 1403 2424 1.
1416 2363 1608 2427 Orientalior

447 2472 513 2528 erat
532 2467 606 2528 satis
625 2465 807 2545 conspicua,
828 2465 994 2543 aberatquc
1008 2463 1113 2527 atone
1134 2465 1208 2527 min.
1222 2465 1251 2526 3.
1265 2463 1361 2527 Erant
1382 2465 1414 2526 in
1434 2464 1544 2528 eadem
1560 2483 1606 2527 re

446 2570 493 2624 cta
514 2562 682 2625 secuudum
713 2561 834 2625 Zodiaci
856 2561 998 2636 ductum,
1019 2562 1111 2625 veluti
1132 2580 1253 2643 semper
1273 2567 1493 2644 apparuerunt.

440 2761 484 2808 or.
901 2773 921 2812 a
963 2774 983 2813 a
999 2742 1051 2846 Q
1297 2714 1299 2718 ι
1549 2765 1611 2814 oce.

503 2952 558 3014 ltie
591 2955 611 3015 2
643 2956 778 3035 Aprilis,
810 2956 880 3018 talis
917 2954 973 3017 init
1008 2959 1202 3021 constitutio:
1234 2962 1322 3020 crant
1356 2962 1459 3020 autem
1494 2957 1609 3021 Stellae

445 3059 505 3117 tres
534 3055 698 3118 orientales
724 3061 754 3116 et
784 3072 845 3118 una
876 3055 1084 3121 occidentalis.
1113 3056 1316 3121 Occidentalis¹
1347 3056 1452 3118 uberat
1483 3074 1501 3118 a
1533 3056 1608 3118 Jove

446 3155 521 3215 min.
546 3155 581 3229 33
616 3154 775 3217 orientalis
794 3152 860 3215 Jovt
893 3155 1034 3233 proxima
1056 3156 1162 3218 aberat
1190 3157 1231 3220 ab
1261 3173 1299 3218 oo
1319 3156 1394 3218 min.
1416 3154 1451 3229 13
1474 3171 1611 3234 sequeus

445 3255 550 3316 aberat
570 3254 610 3316 ab
630 3255 688 3316 lrac
709 3254 784 3316 min.
804 3254 839 3327 2;
859 3254 1038 3318 orientalior
1070 3256 1173 3318 aberat
1203 3256 1242 3318 ab
1273 3256 1330 3318 hac
1360 3255 1436 3318 min.
1455 3253 1485 3315 n
1507 3253 1607 3318 Erant

445 3354 476 3416 in
492 3354 599 3418 eadem
614 3359 697 3416 recta
716 3355 754 3416 ad
775 3372 927 3434 unguem,
946 3363 1095 3437 erantque
1115 3358 1189 3421 satia
1208 3357 1401 3436 conspicuae.
1423 3355 1479 3436 (lc
1498 3354 1608 3415 Fim-

447 3453 546 3532 ruolu)
571 3453 619 3533 (¹i·

441 3657 485 3704 01.
678 3671 698 3709 a
907 3673 926 3712 a
969 3675 988 3714 r
1005 3643 1057 3744 Θ
1126 3676 1144 3711 a
1547 3662 1609 3712 0cc.

504 3841 559 3904 Die
580 3842 613 3915 3,
633 3844 709 3905 hora
731 3845 766 3917 0,
787 3846 862 3907 min.
878 3843 935 3919 itt,
948 3851 1008 3908 tren
1025 3847 1207 3909 videbantur
1220 3846 1376 3911 Planctac:
1397 3863 1479 3909 unus
1500 3847 1603 3909 orien-

445 3941 528 4015 talis‚
549 3941 611 4004 duo
625 3959 699 4004 vcro
718 3943 932 4007 meinantales.
952 3942 1121 4009 Orientalis
1142 3946 1272 4009 distabat
1286 3965 1304 4009 a
1318 3946 1391 4008 Jove
1406 3947 1482 4008 miu.
1503 3946 1524 4006 9
1530 3965 1539 4022 ;
1554 3948 1605 4009 oc'·

442 4046 603 4110 cidnntalis
623 4045 785 4126 proximus
805 4045 936 4109 distalmt
948 4065 967 4108 a
979 4046 1053 4110 Jove
1074 4048 1148 4109 min.
1171 4049 1204 4121 ¹3
1225 4046 1444 4110 occidentalior
1464 4045 1605 4126 reliquus

443 4145 546 4213 aberat
567 4146 607 4207 ab
627 4146 726 4207 altero
747 4144 821 4206 min.
843 4145 877 4219 ὃς
899 4150 1027 4224 cratque
1047 4146 1176 4224 reliquis
1197 4147 1338 4209 lucidior.
1361 4145 1529 4228 (Firmo).

438 4347 482 4393 or.
765 4364 784 4402 p
946 4317 949 4324 ¹
1000 4332 1051 4436 ᾳ)
1065 4366 1084 4405 p
1134 4369 1153 4405 p
1547 4353 1608 4404 occ.

520 4670 553 4728 (l)
573 4669 643 4722 llaec
660 4681 686 4725 et
704 4686 843 4742 soquentes
858 4681 1049 4733 observationes
1064 4681 1204 4733 rtlalilaco
1219 4679 1326 4728 suerunt
1342 4679 1537 4730 instituendum
1558 4678 1605 4728 Ρι-

441 4751 507 4800 tario
524 4751 658 4803 discedens
676 4756 806 4808 Etruriam
825 4761 911 4821 petiit,
930 4776 990 4811 vere
1008 4763 1085 4813 lanius
1104 4761 1166 4812 urrini
1185 4762 1244 4808 tuto
1261 4759 1399 4822 incipiente
1415 4760 1518 4822 (Boiu).
