4109 5934
818 763 1238 817 rusrrrrctrinhss
1544 761 1605 827 139

444 893 506 967 liis.
528 891 679 964 Galliaco,
700 892 751 955 die
769 888 790 953 8
810 893 902 974 hujus
923 897 1057 959 mensis:
1081 920 1097 955 e
1119 896 1186 960 Nou
1207 900 1351 978 potrebbe
1369 903 1495 965 credere
1518 901 1553 965 V.
1578 905 1606 967 S.

446 1016 464 1051 e
486 994 510 1055 il
539 1010 617 1074 gran
644 997 735 1072 gusto
770 992 827 1054 ebe
854 994 895 1054 ho
920 995 1031 1057 sentito
1061 997 1094 1058 in
1121 997 1225 1077 legger
1257 998 1278 1058 1‘
1293 998 1402 1063 ultima
1437 1001 1547 1065 lettera
1579 1004 1608 1064 di

447 1117 463 1151 r
486 1092 523 1155 V.
535 1092 576 1167 8.,
590 1093 703 1174 perche
725 1093 813 1156 n’cro
827 1095 1059 1159 brumosissimo
1073 1114 1129 1176 per
1145 1117 1269 1161 essetne
1289 1107 1367 1163 stato
1384 1101 1511 1182 digiuno
1526 1110 1610 1166 tante

445 1199 602 1274 etempo,
621 1194 791 1257 dubitando
814 1194 895 1256 senz’
910 1197 989 1258 altro
1020 1196 1077 1257 cbe
1110 1198 1160 1258 cib
1192 1201 1351 1262 avvenisse
1391 1219 1446 1279 pcr
1479 1205 1611 1282 qualche

444 1314 461 1351 α
482 1310 540 1355 suu
561 1293 724 1373 corporale
743 1293 995 1373 indisposizione,
1015 1293 1046 1354 di
1066 1295 1123 1355 ebe
1149 1296 1267 1357 sentive
1282 1296 1489 1375 grandissimo
1509 1305 1611 1363 trava·

443 1394 555 1474 nglio.
578 1392 695 1456 Ledato
724 1394 747 1455 il
770 1393 899 1473 Siguese
928 1394 978 1455 dcl
1000 1394 1135 1456 notabile
1164 1395 1413 1474 migliorarnento
1434 1399 1490 1460 cbe
1523 1400 1560 1462 V.
1579 1402 1609 1461 S.

444 1514 461 1551 u
483 1494 524 1556 ba
554 1494 643 1556 lutto:
664 1511 755 1573 spero
775 1495 856 1555 nella
878 1493 985 1556 Divina
1017 1494 1078 1556 Sua
1111 1495 1208 1556 Bontd
1228 1497 1285 1557 che
1305 1497 1385 1558 colle
1407 1500 1506 1577 prime
1533 1506 1608 1562 uvrb

445 1598 590 1661 «arrico
618 1596 732 1660 cb'ella
758 1599 803 1660 sia
835 1596 1065 1677 periettamcnte
1089 1597 1224 1660 risanata
1249 1616 1293 1660 en
1320 1621 1336 1656 n
1365 1598 1456 1680 (ld,
1480 1600 1516 1660 Ρ.
1548 1601 1592 1662 VI
1601 1646 1610 1673 ,

450 1697 486 1758 Τ.
510 1698 605 1770 Vm,
624 1697 670 1759 ele
689 1697 777 1777 too).

526 1793 774 1861 Conralmcentia
794 1802 897 1861 autern
920 1799 1001 1862 lente
1022 1798 1261 1879 imperfecteque
1283 1799 1456 1863 accedebat.
1470 1800 1611 1881 Namque

449 1897 507 1960 etsi
523 1897 643 1978 abipso
661 1904 798 1978 tempore
817 1899 956 1962 videntur
972 1899 1129 1964 Galilaeus
1146 1902 1272 1964 omnino
1293 1920 1417 1965 vacasse
1438 1907 1609 1982 quaestioni

450 1996 488 2060 de
511 1995 642 2062 liaculis
662 1997 837 2073 Solaribns,
858 1999 942 2061 aliud
964 1999 1114 2064 babemus
1137 2003 1347 2065 testimoninm
1368 2006 1535 2085 respiciens
1555 2005 1613 2066 inr-

441 2093 609 2173 pertectam
641 2096 819 2175 Philosophi
852 2098 1060 2162 valetudinem
1095 2101 1180 2164 circa
1218 2103 1381 2166 dimidium
1414 2104 1559 2185 Augusti,
1581 2106 1611 2167 in

442 2196 584 2274 epistole,
597 2213 695 2275 quam
710 2197 737 2258 ei
752 2198 883 2277 scripsit,
894 2199 944 2258 die
962 2196 999 2257 sl
1014 2199 1150 2275 ejusdem
1166 2203 1293 2273 mensis,
1308 2202 1461 2264 lohannes
1482 2204 1612 2266 Fabrius

441 2296 600 2371 Medicus,
616 2297 706 2377 cujus
730 2315 822 2376 supra
845 2299 946 2359 innuit
966 2297 1089 2370 cestus,
1110 2299 1142 2358 in
1157 2316 1217 2377 qua
1239 2300 1317 2359 haee
1337 2302 1498 2379 leguntur:
1523 2323 1539 2359 e
1553 2303 1613 2365 Vo-

445 2398 562 2461 »lesse
583 2396 671 2459 lddio
701 2397 758 2458 cbe
789 2398 819 2458 io
844 2400 909 2458 ensi
929 2403 1145 2476 prontamente
1176 2398 1286 2475 potessi
1315 2397 1389 2459 dare
1420 2400 1451 2460 ia
1478 2402 1611 2480 compita

448 2517 466 2552 e
488 2497 587 2563 sanitl
608 2514 625 2557 a
646 2494 685 2556 V.
705 2496 735 2557 S.
752 2496 789 2557 ed
813 2496 845 2558 al
868 2497 923 2575 sig.
948 2495 1086 2568 Velsero,
1111 2513 1243 2557 comune
1269 2497 1379 2570 amico,
1406 2516 1493 2560 come
1520 2500 1553 2561 io
1580 2501 1610 2561 di

447 2618 465 2653 ι
487 2595 570 2659 buon
593 2614 686 2660 cuore
705 2596 728 2658 li
750 2614 788 2659 ne
809 2596 885 2658 vado
906 2595 1096 2675 augurando.
1124 2595 1151 2655 Ε
1183 2603 1357 2659 veramente
1378 2597 1454 2659 s'ba
1474 2599 1514 2660 da
1535 2618 1609 2661 aver

350 2704 356 2715 ·
446 2717 465 2754 e
484 2696 728 2776 compassiones
742 2701 850 2775 questo
869 2694 952 2758 buon
963 2696 1200 2774 signore,eome
1212 2695 1309 2756 anche
1330 2714 1347 2755 a
1365 2694 1400 2755 V.
1412 2695 1456 2771 S„
1468 2698 1537 2771 che,
1548 2715 1608 2759 eon

446 2818 465 2855 e
487 2802 563 2860 tutto
582 2797 641 2859 obe
661 2803 771 2860 stanno
791 2797 885 2870 male,
906 2814 967 2858 non
985 2796 1178 2858 tralascieuo
1197 2795 1227 2855 di
1247 2795 1413 2876 allatigarsi
1432 2816 1487 2877 per
1500 2799 1523 2859 it
1537 2797 1614 2860 bene

444 2919 462 2954 α
482 2895 728 2977 pubblino...li
742 2915 797 2976 per
810 2896 902 2969 tinir,
924 2897 1012 2958 bacio
1026 2897 1057 2957 le
1080 2897 1165 2957 maui
1189 2913 1207 2956 a
1229 2895 1267 2957 V.
1289 2897 1329 2969 S..
1346 2899 1535 2978 pregandole
1555 2901 1612 2960 che

445 3017 462 3053 ι
485 2996 528 3058 ml
547 2995 648 3058 luceia
668 3003 774 3076 questa
795 2997 901 3070 grazia
923 3014 940 3056 a
962 3013 1023 3056 non
1045 2995 1213 3075 allatiqarsi
1230 3014 1248 3057 a
1265 2996 1443 3073 rispondere
1459 2999 1499 3057 nd
1519 3016 1537 3058 a
1558 3016 1608 3058 me

446 3112 465 3151 r
484 3095 525 3157 nb
544 3092 602 3155 alli
623 3092 693 3155 nitri
715 3090 834 3165 Lincei,
854 3099 950 3155 atteso
970 3092 1027 3154 che
1051 3093 1143 3153 abbin
1167 3093 1225 3170 pisi
1239 3110 1312 3153 cara
1326 3093 1357 3153 la
1373 3110 1428 3153 sua
1446 3096 1545 3156 salute
1558 3097 1614 3156 che

444 3214 464 3250 e
485 3193 515 3257 le
533 3210 589 3257 sue
602 3193 721 3267 lettere,
736 3195 767 3255 le
782 3193 866 3272 quali
881 3210 937 3273 per
949 3193 1028 3254 ultro
1042 3192 1167 3271 rispetto
1182 3192 1211 3252 ci
1224 3191 1397 3253 sarebbono
1411 3194 1611 3256 carissime.»

449 3292 530 3374 (ld,
547 3293 584 3355 P.
604 3293 637 3367 Ι,
661 3291 695 3354 Τ.
724 3293 864 3365 V11‚eh.
885 3292 948 3372 33).

525 3390 562 3453 2·
580 3391 670 3466 Quod
690 3389 848 3454 Galilaeus
869 3410 887 3453 a
909 3409 1013 3452 mense
1033 3389 1125 3453 Junio
1157 3393 1193 3454 ad
1226 3393 1343 3454 exitum
1364 3392 1544 3456 Novembris
1563 3411 1613 3455 ¹as-

445 3495 534 3558 sidue
554 3494 709 3559 vomuerit
736 3493 843 3556 studiis
863 3492 901 3555 de
922 3492 1055 3554 maculis
1075 3492 1168 3567 Solis,
1189 3494 1348 3555 manifeste
1379 3499 1459 3572 patet
1489 3511 1528 3554 ex
1549 3494 1612 3556 suis

444 3595 645 3669 tractatibus,
664 3595 820 3674 epistolari
843 3594 940 3655 torma
962 3595 1166 3666 concinnatis,
1187 3612 1223 3655 ec
1245 3594 1346 3656 missis
1366 3594 1505 3656 Velserio
1522 3594 1614 3676 (Edi-

446 3693 492 3754 tio
510 3701 619 3756 nostru
639 3694 772 3776 Operum
795 3693 942 3767 Galiluei,
966 3693 1001 3753 T.
1020 3692 1087 3765 111,
1106 3711 1175 3773 pop.
1196 3693 1252 3753 371
1275 3702 1304 3754 et
1320 3693 1438 3775 seqq.l,·
1458 3699 1540 3774 patet
1559 3696 1613 3757 ite-

448 3811 520 3856 rum
541 3812 581 3855 cx
599 3794 688 3857 valde
718 3796 844 3875 copioso
875 3813 910 3856 ae
943 3795 1113 3870 laborioso,
1139 3795 1176 3855 de
1207 3812 1241 3856 re
1265 3795 1346 3874 ipsa,
1367 3812 1423 3858 suo
1455 3796 1612 3875 epistolari

447 3893 650 3968 commercio,
670 3895 760 3957 sicuti
782 3894 957 3972 accepimus
978 3913 996 3956 a
1018 3893 1168 3955 Ventus-in
1188 3901 1219 3955 et
1240 3914 1257 3956 a
1278 3893 1397 3967 Nellio,
1411 3903 1440 3956 et
1453 3914 1493 3955 ex
1506 3895 1613 3955 autho

447 3995 577 4076 graphio
588 3997 723 4059 nondum
741 3996 838 4058 editis.
849 3994 1089 4076 Quaplnrimum
1108 3996 1166 4056 buc
1179 3996 1247 4074 ipso
1268 4001 1404 4074 tempore
1421 3996 1534 4054 Auctor
1548 4009 1614 4053 cer-

447 4096 616 4161 taminibus
635 4097 793 4160 involutus
812 4097 871 4158 tuit
890 4098 973 4160 circa
994 4115 1083 4159 suam
1104 4097 1353 4175 disceptationem
1373 4096 1412 4156 de
1439 4093 1613 4153 loculenti-

442 4195 525 4268 bum·
554 4197 733 4275 studuitque
753 4197 869 4258 interea
892 4199 1012 4276 primae
1033 4195 1231 4275 propositioni
1257 4195 1295 4256 de
1325 4191 1549 4270 longitudine,
1571 4190 1613 4252 ta·

444 4302 512 4356 ctae
531 4292 729 4376 Hispaniensi
750 4295 871 4368 coriae,
903 4296 947 4356 uti
968 4294 1130 4356 deducitur
1151 4312 1169 4355 a
1190 4292 1364 4355 memoriali
1385 4290 1492 4350 libello
1515 4289 1612 4367 ipsius

443 4393 596 4469 Gablaei,
615 4394 636 4455 'l
657 4394 842 4475 Septembris
865 4395 941 4454 tet-2
969 4394 1079 4474 (quem
1100 4392 1218 4454 Neltius
1238 4391 1315 4451 citat
1333 4409 1363 4469 p.
1383 4388 1461 4467 660)
1491 4396 1521 4449 et
1540 4407 1612 4451 con-

447 4495 589 4560 firmatur
609 4514 628 4557 a
651 4495 780 4558 Galileei
807 4495 946 4576 epistolis
965 4495 1003 4555 de
1024 4493 1082 4554 boc
1103 4495 1285 4570 argumento
1306 4487 1321 4568 (
1329 4486 1488 4548 Patavina
1507 4486 1541 4547 T.
1556 4488 1611 4563 11,

443 4614 477 4676 p.
494 4594 535 4657 35
554 4605 585 4657 et
606 4596 709 4678 seqq.)
734 4596 899 4677 inquibus
929 4593 1064 4656 affirmat
1094 4610 1126 4655 se
1146 4597 1281 4671 quatuor
1311 4592 1398 4652 anuis
1425 4590 1491 4671 jum
1522 4598 1612 4654 antea

443 4696 686 4777 propositionem
707 4697 798 4760 illam
829 4695 986 4776 Hispanae
1006 4694 1112 4755 curiae
1132 4690 1346 4755 transmisisse.
1371 4688 1420 4750 Ex
1450 4694 1611 4771 permultis

445 4796 655 4875 documentis,
675 4815 775 4877 quae,
795 4800 834 4862 ad
854 4797 1003 4877 majorem
1019 4793 1283 4858 confirmationem
1297 4810 1419 4870 eorum,
1439 4812 1519 4875 quae
1532 4795 1612 4857 dixi-
