4109 5934
447 728 512 792 224
836 741 1034 788 otssuttrerto
1054 742 1187 789 serenet

449 878 503 956 fiat
526 890 625 944 mero:
648 889 727 953 quae
745 872 780 933 in
795 870 872 934 libro
891 869 926 934 de
942 868 1041 935 Stella
1064 890 1148 937 noca
1170 873 1222 954 sol.
1241 874 1303 939 117
1320 878 1440 956 repetii.
1458 875 1584 951 Dubito,

449 988 593 1063 Galiloee,
618 1007 662 1054 an
681 989 781 1070 possit
804 989 880 1052 baec
897 1007 918 1052 a
934 997 962 1052 te
981 989 1065 1053 dicta
1087 1008 1185 1054 eausa
1207 992 1281 1054 buic
1303 993 1445 1073 sufficere
1461 995 1585 1058 rubori.-

448 1112 522 1174 ieaec
543 1110 647 1181 enim,
677 1109 727 1170 uti
761 1109 806 1171 uis
840 1125 981 1181 aurora,
1004 1109 1115 1172 lunare
1140 1127 1252 1188 corpus
1276 1111 1463 1175 circumstat
1487 1114 1585 1178 multo

447 1225 661 1308 aequabilius,
684 1241 780 1306 quom
802 1233 839 1287 ut
859 1225 957 1288 rubor
979 1227 1037 1289 iste
1058 1227 1103 1289 sic
1127 1225 1374 1309 inaequabiliter
1398 1228 1433 1291 in
1459 1227 1584 1293 Lunam

447 1344 613 1414 derivetur,
636 1350 672 1405 ut
694 1342 863 1406 ostendunt
887 1360 957 1405 mea
976 1343 1032 1425 sol.
1054 1343 1122 1409 276
1140 1344 1240 1407 allata
1258 1346 1487 1426 experimenta,
1503 1365 1583 1430 quoe

447 1462 502 1525 ubi
523 1463 557 1523 in
581 1468 635 1524 tuo
657 1467 824 1540 systemate
857 1458 970 1522 mundi
1003 1461 1040 1522 in
1073 1458 1352 1524 considerationem
1386 1461 1583 1539 adduceris,

447 1596 535 1660 spero
560 1587 587 1640 te
612 1579 669 1641 leuc
691 1579 726 1638 in
745 1586 837 1657 porte
862 1585 950 1641 tanto
972 1576 1093 1658 felicius
1117 1576 1153 1640 de
1176 1594 1282 1640 rerum
1305 1558 1409 1643 causis
1440 1580 1583 1661 disputa·

447 1705 564 1757 turum.

537 1810 588 1876 Ad
606 1811 755 1894 pallorem
779 1822 885 1876 tamen
908 1811 1018 1876 lunae
1037 1815 1071 1876 in
1091 1814 1225 1876 mediam
1248 1814 1394 1877 umbram
1416 1814 1582 1879 immersae

448 1929 654 2012 efficiendum,
676 1930 733 1994 ubi
755 1939 879 1994 cessant
901 1931 982 1994 radii
1006 1927 1088 1995 Solis
1112 1932 1258 2013 retracti,
1281 1931 1374 2012 facile
1399 1934 1525 2013 patior,
1548 1942 1582 1995 ut

444 2049 543 2128 juxto
565 2046 793 2113 sidera-Solem
815 2050 1075 2124 circumstantia,
1098 2050 1211 2131 quibus
1235 2067 1290 2129 eqo
1313 2047 1365 2129 fol.
1391 2048 1459 2114 277
1480 2051 1582 2130 pollo·

447 2168 492 2229 ris
515 2183 645 2231 causam
668 2168 863 2248 transcripsi,
886 2166 961 2230 boec
981 2176 1038 2230 tua
1061 2185 1192 2242 aurora,
1213 2176 1250 2231 ut
1271 2168 1375 2248 potior
1398 2185 1496 2232 causa
1518 2167 1578 2230 od·

448 2286 593 2350 ducatur.

512 2521 639 2587 Absolui
662 2525 797 2589 alterum
820 2524 912 2588 libelli
935 2524 981 2587 tui
1006 2532 1100 2604 caput
1123 2523 1159 2587 de
1181 2522 1292 2587 Luna:
1316 2532 1446 2588 transeo
1462 2524 1504 2588 od
1517 2534 1580 2586 ter·

447 2644 526 2706 tium
549 2642 585 2706 de
607 2638 769 2706 Sideribus
793 2645 932 2707 coeteris,

535 2757 648 2822 Primo
671 2768 728 2823 tuo
750 2760 925 2824 obseruatio
947 2771 997 2824 est·
1016 2759 1244 2841 maqnitudinis
1267 2761 1418 2834 siderum,
1444 2779 1579 2844 quorum

444 2875 629 2958 corpuscula
645 2875 819 2958 perspicillo
841 2878 1003 2959 inspecta,
1025 2880 1060 2940 in
1081 2880 1281 2959 proportione
1303 2878 1346 2942 ad
1368 2877 1484 2944 Lunae
1510 2879 1579 2943 dia-

443 3004 578 3060 metrum
601 2997 649 3060 ais
672 2997 784 3058 minui.
809 2995 947 3060 Adducis
970 3006 999 3060 et
1022 2998 1086 3059 a'ia
1108 2997 1233 3069 similia,
1256 2998 1374 3079 quibus
1391 2997 1494 3062 stedine
1516 2997 1578 3059 mi·

444 3123 616 3187 nuuntur,·
635 3116 798 3179 verissimo
821 3125 851 3178 et
873 3116 950 3178 mibi
967 3114 1060 3196 lonqo
1075 3134 1139 3180 usu
1156 3125 1323 3199 comperto,
1346 3116 1575 3199 crepusculum,

446 3231 534 3301 diem,
560 3231 684 3299 nubem.
707 3230 819 3302 uelum,
843 3233 962 3295 vitrum
985 3232 1166 3297 coloratum.

534 3345 595 3410 Hic
619 3356 688 3409 tuus
712 3351 836 3411 eucutio
861 3350 1045 3422 locutiones,
1071 3371 1087 3408 «
1113 3351 1267 3430 unqulum
1290 3352 1447 3414 visorium
1471 3370 1577 3415 nono

447 3491 463 3527 u
488 3466 641 3547 primario
664 3468 766 3530 stellae
790 3469 982 3548 corpusculo,
1005 3469 1057 3532 sed
1079 3487 1099 3531 a
1122 3470 1181 3531 late
1205 3469 1396 3548 circumfuso
1415 3470 1575 3552 splendore

447 3611 463 3645 »
489 3588 676 3657 terminari,·
696 3588 778 3659 item,
799 3588 973 3668 perspicillo
991 3587 1161 3651 adscititios
1180 3589 1449 3670 occidentalesque
1472 3590 1575 3669 seelqo-

445 3727 461 3761 n
486 3722 534 3767 res
557 3705 650 3768 stellis
674 3705 772 3768 adimi
795 3728 824 3767 n.

536 3818 695 3896 Quaerere
718 3822 798 3885 lubet
821 3843 861 3886 ecc
886 3832 934 3895 te,
961 3822 1116 3894 Gotttoee,
1141 3843 1218 3886 num
1235 3825 1417 3905 acquiescas
1440 3826 1474 3887 in
1500 3844 1574 3888 cau·

442 3943 483 4002 sis
512 3958 533 4003 a
562 3959 609 4003 me
640 3940 742 4003 allatis
777 3941 871 4020 liujus
907 3944 974 4014 rei,
1007 3944 1062 4004 ubi
1094 3942 1129 4004 de
1163 3942 1252 4005 modo
1287 3943 1417 4005 visionis
1454 3942 1574 4024 disputo

444 4060 496 4136 sol.
520 4060 585 4122 217
611 4077 647 4122 ao
670 4061 856 4139 praesertim
877 4062 931 4140 sol.
955 4060 1016 4125 221
1046 4059 1115 4141 Opt.
1133 4059 1216 4125 Num
1237 4062 1265 4122 si
1288 4061 1368 4123 nibil
1397 4061 1572 4127 desideras.

442 4177 542 4239 licebit
566 4177 620 4238 tibi
638 4195 733 4258 porro
752 4180 878 4258 proprie
901 4180 996 4260 loqui,
1019 4181 1175 4242 luminoso
1191 4187 1311 4259 puncta
1327 4197 1422 4242 conos
1446 4179 1573 4256 {undere

441 4313 513 4357 suos
536 4296 571 4356 in
595 4295 832 4376 crustallinum,
857 4307 885 4359 et
905 4307 975 4378 post
998 4314 1070 4360 eum
1088 4298 1278 4378 refractione
1309 4297 1397 4378 sacta
1426 4316 1476 4360 eos
1502 4313 1574 4358 rur·

440 4430 512 4474 suns
525 4414 560 4474 in
580 4423 735 4494 punctum
759 4415 965 4486 contrahere,·
986 4416 1064 4495 quia
1085 4433 1159 4479 cero
1182 4415 1215 4476 id
1236 4421 1392 4493 punctum
1429 4432 1494 4477 non
1526 4422 1572 4475 at·

441 4531 535 4608 tinqit
558 4532 709 4605 retinam,
733 4532 915 4595 dilatatione
940 4551 1023 4596 nova
1045 4531 1312 4614 superficieculam
1336 4532 1459 4594 retinoe
1483 4548 1571 4593 oecu-

437 4657 516 4724 pat,
540 4667 613 4711 oum
634 4648 772 4713 debuerit
796 4668 948 4731 occupare
971 4659 1152 4731 punctum:
1185 4650 1291 4728 itaque
1324 4646 1566 4728 perspicillorun

440 4781 535 4842 opero
558 4769 625 4845 fieti
649 4779 682 4830 ut
706 4769 769 4831 alia
791 4771 977 4849 retractione
997 4768 1202 4832 intercedente
1219 4776 1358 4847 puntum
1376 4765 1502 4827 illudio
1521 4779 1563 4821 re·
