4109 5934
819 744 1071 796 mariamnes
1096 746 1145 792 an.
1170 729 1255 795 1610
1572 729 1615 796 13

460 887 519 943 erat
548 881 739 944 orientalior
767 881 863 944 Stella
893 880 1075 943 oceldentali
1107 881 1220 960 major,
1251 880 1360 942 ambae
1391 885 1494 940 tamen
1527 878 1617 938 ratde

459 983 643 1062 conspicuae
669 999 707 1045 ae
728 982 915 1062 splendidae:
936 987 1068 1060 utroque
1089 982 1276 1044 distabauta
1295 981 1369 1042 lora
1383 979 1537 1060 scrupulis
1557 978 1620 1058 pri·

460 1086 513 1147 nis
521 1083 663 1146 «1111111
679 1083 767 1147 tertia
778 1100 901 1163 qnoque
916 1082 1045 1144 Stellula
1055 1100 1205 1163 apparere
1217 1083 1316 1162 coepit
1329 1082 1404 1143 lrora
1417 1081 1521 1152 tertia,
1533 1080 1618 1158 prius

460 1184 586 1245 minime
606 1188 787 1262 conspecta,
809 1201 892 1262 quae
910 1199 950 1244 ex
977 1186 1065 1260 parte
1085 1182 1226 1244 orientali
1248 1180 1353 1243 lovem
1376 1178 1437 1241 tere
1464 1179 1619 1258 tangebat,

456 1286 581 1358 eratque
608 1279 778 1343 admodum
797 1279 922 1359 exigua.
943 1278 1059 1342 Omnes
1079 1279 1205 1342 luerunt
1224 1280 1256 1342 in
1277 1280 1384 1341 eadem
1406 1284 1503 1350 recta,
1524 1283 1556 1340 et
1574 1297 1619 1339 se·

456 1380 592 1442 eundum
614 1379 794 1459 Eetypttcao
813 1379 1038 1459 longitudinem
1060 1380 1266 1442 coordinatae.

532 1478 592 1542 Die
613 1480 670 1554 13,
696 1481 832 1561 primum
854 1498 871 1541 1
892 1498 943 1541 me
963 1486 1097 1560 quatuor
1111 1488 1291 1561 conspectae
1313 1481 1434 1543 luerunt
1454 1479 1619 1554 Stellulae‚

458 1581 486 1643 in
505 1580 566 1643 lac
587 1580 627 1644 ad
648 1578 755 1644 lovem
776 1582 991 1649 constitutione
1012 1579 1068 1660 tlt:
1173 1615 1175 1618 -

458 1781 502 1832 0¹·
621 1800 623 1804 ·
839 1816 862 1838 0
938 1765 1211 1869 emeno
1556 1788 1619 1838 oee-

457 1984 539 2040 eraut
558 1984 623 2041 tras
638 1979 859 2053 occidentales.
879 1986 909 2044 et
929 1998 992 2044 una
1007 1982 1184 2044 orientalis:
1205 1982 1321 2044 lineam
1342 1982 1483 2061 proxime
1503 1989 1619 2044 1111111

454 2075 690 2151 muatituebaut3
715 2077 818 2141 media
837 2079 921 2144 enim
949 2080 1186 2144 occidentalium
1208 2080 1388 2160 paullulum
1409 2099 1428 2142 a
1448 2087 1620 2160 rectasep-

455 2179 636 2240 tentrionern
658 2193 764 2240 versus
788 2176 971 2241 detlectebat.
987 2179 1102 2241 Aberat
1116 2180 1274 2241 orientalis
1285 2198 1303 2240 a
1316 2178 1390 2240 lore
1403 2180 1522 2241 minuta
1542 2179 1617 2241 duo:

456 2278 649 2357 reliquarum
671 2282 702 2339 at
720 2276 802 2340 loris
834 2278 1076 2358 intercapedines
1106 2283 1195 2340 erant
1215 2279 1356 2358 singulae
1388 2280 1480 2342 unius
1501 2284 1618 2340 tantum

460 2378 574 2440 minuti.
600 2377 718 2440 Stellae
739 2396 846 2439 omnes
872 2380 1001 2441 eandem
1034 2378 1282 2458 praeseferebant
1303 2378 1559 2458 magnitudinenn
1581 2397 1617 2440 ac

459 2481 530 2544 lieet
555 2484 703 2564 exiguae,
726 2482 935 2547 lucidissimae
961 2488 1184 2557 marcuerant,
1205 2483 1327 2546 acti-xis
1346 2483 1482 2564 ejusdem
1499 2483 1618 2563 magui·

458 2580 571 2644 tndinis
588 2581 676 2663 longe
695 2583 927 2662 splendidiores

534 2679 590 2743 Die
609 2679 661 2757 ts,
682 2682 741 2746 luit
761 2690 936 2765 tempestas.

529 2779 586 2843 llie
606 2781 662 2855 15,
681 2783 761 2847 ltnra
780 2785 878 2848 noctis
902 2786 1006 2859 tertia,
1026 2786 1060 2847 in
1079 2788 1221 2866 proxime
1247 2785 1367 2867 depicta
1389 2787 1513 2848 luerunt
1532 2786 1618 2847 habi·

454 2880 556 2942 tudine
576 2885 714 2959 quatuor
733 2881 853 2946 Stellae
869 2884 907 2944 ad
927 2882 1051 2945 lovem:
1125 2969 1131 2979 ·
1583 2923 1586 2925 Α

453 3084 494 3132 Or.
1006 3066 1058 3169 (24)
1089 3084 1121 3149 G)
1153 3086 1185 3150 63⁸·
1217 3086 1249 3150 (p
1346 3083 1381 3143 (ἢ
1552 3085 1613 3133 tlcr.

455 3281 652 3344 occidentales
672 3298 794 3354 omnes,
820 3299 856 3342 ac
878 3279 1037 3343 incudem
1059 3283 1201 3360 proxime
1223 3289 1306 3343 rectu
1334 3282 1414 3342 linea
1436 3279 1613 3360 dispositas:

455 3401 531 3461 quae
549 3386 632 3446 uim
653 3386 743 3447 tertia
761 3403 779 3448 a
801 3385 875 3447 love
896 3386 1118 3447 numerabatur
1138 3386 1314 3464 paullulum
1338 3386 1368 3445 in
1387 3386 1510 3446 boream
1528 3384 1616 3444 attol-

455 3485 583 3557 nortun
604 3487 810 3567 propinquior
832 3485 900 3547 lori
921 3493 986 3548 erat
1010 3486 1152 3547 omnium
1180 3486 1322 3560 rniuima;
1347 3486 1486 3565 reliquae
1510 3501 1616 3546 conse-

452 3591 576 3662 quenter
597 3585 730 3665 majores
752 3587 949 3666 apparebant.
970 3584 1135 3647 Intervalla
1153 3586 1233 3646 inter
1253 3583 1358 3647 lovem
1380 3591 1411 3646 et
1431 3585 1489 3646 tria
1509 3599 1615 3646 eonse-

453 3689 571 3762 quentia
594 3686 701 3750 Sidera
720 3692 809 3750 erant
829 3687 971 3766 aequalia
992 3687 1113 3760 omnia,
1139 3687 1328 3748 aeduorum
1355 3688 1562 3747 minutorum:
1585 3693 1613 3745 at

453 3785 668 3849 ooeideutalius
684 3786 822 3847 aberata
844 3787 902 3847 sibi
923 3788 1097 3866 propinquo
1112 3787 1239 3849 minutis
1261 3795 1403 3866 quatuor.
1423 3786 1519 3848 Erant
1540 3787 1615 3848 Stel·

454 3883 529 3958 lutae
552 3885 674 3947 lucidae
690 3886 793 3958 valde,
805 3890 835 3947 et
851 3885 931 3947 nihil
951 3886 1163 3960 scintillantes,
1174 3888 1283 3966 quales
1299 3905 1421 3967 semper
1441 3893 1506 3948 turn
1526 3892 1614 3958 ante,

453 3991 512 4047 tum
534 3992 604 4064 post
624 3992 843 4065 apparuerunt.
860 3986 990 4061 Verum,
1005 3987 1082 4049 horn
1100 3988 1240 4067 septima,
1258 3993 1318 4049 tros
1333 3986 1529 4050 solummodo
1545 3985 1613 4046 ade-

452 4096 517 4151 rant
534 4089 660 4160 Stellae,
681 4088 713 4150 in
735 4088 945 4168 hujuscemodi
967 4107 1040 4150 cunr
1062 4087 1137 4149 lore
1159 4093 1296 4166 aspectu:

449 4289 488 4340 of.
993 4275 1044 4376 (ῃ)
1109 4311 1126 4342 a
1151 4308 1169 4343 a
1312 4309 1332 4342 s
1551 4293 1611 4339 tter.

450 4497 531 4553 11111
552 4508 664 4570 nempe
685 4490 717 4551 in
738 4490 843 4552 eadem
870 4496 952 4553 recta
979 4491 1018 4552 ad
1046 4505 1194 4572 unguem:
1220 4492 1350 4553 vicinior
1375 4488 1440 4551 tori
1468 4496 1533 4552 erat
1560 4490 1612 4551 ad·

521 4663 553 4723 (t)
571 4661 610 4711 Ex
627 4660 736 4711 calculis
752 4664 941 4726 pertinentibus
957 4663 988 4713 ad
1000 4664 1102 4712 initium
1114 4663 1259 4722 11111613,
1272 4675 1337 4727 quos
1348 4662 1474 4711 habemus
1485 4661 1574 4712 charta
1587 4665 1614 4710 tzt

453 4748 524 4807 tergo
539 4743 641 4794 Cndleis
657 4743 889 4807 onsermnmum,
907 4746 971 4795 hora
988 4744 1062 4798 istius
1076 4743 1269 4796 constitutionis
1284 4749 1324 4795 est
1341 4745 1483 4798 existimata
1500 4752 1543 4817 tta
1560 4758 1613 4795 rue·

449 4825 523 4883 ride,
541 4826 606 4877 idest
627 4831 649 4876 t.
667 4828 701 4876 ³5
716 4826 749 4875 ab
763 4839 866 4879 occasu
882 4825 977 4890 (Edit.)
