4109 5934
835 738 988 796 ueocouce
1012 741 1070 787 ono
1093 740 1235 787 oncrcao
1535 728 1599 794 503

467 879 495 935 ct
517 871 660 941 bonores,
684 870 727 932 tic
750 886 818 935 eane
841 868 1023 949 defendunt,
1048 878 1083 933 ut
1106 870 1273 935 uideantur
1292 871 1434 951 publicae
1457 874 1589 939 utilitati

465 987 572 1053 tabent
593 985 776 1059 bonoim:
798 1005 852 1053 ncc
871 1004 932 1069 pro
954 988 1085 1052 veritate
1108 996 1137 1050 et
1153 988 1284 1068 justitio
1310 997 1443 1061 certant.
1465 1000 1522 1056 aut
1545 992 1594 1057 ia·

466 1108 598 1180 borant,
629 1106 682 1171 cea
705 1124 763 1189 qro
790 1106 921 1188 qiorioia
943 1116 971 1170 ct
993 1115 1124 1177 centra:
1147 1115 1176 1170 ct
1199 1107 1305 1171 relicto
1325 1110 1457 1190 proprio
1476 1110 1598 1190 iudicio

463 1227 498 1289 in
519 1226 638 1290 crimen
661 1232 827 1290 transcunt
848 1225 998 1298 alienum,
1012 1231 1048 1287 at
1063 1222 1137 1287 dicit
1153 1222 1214 1289 Lea
1241 1223 1392 1307 Pontifex
1410 1225 1445 1288 be
1470 1225 1591 1297 Pilato,-

465 1350 561 1423 utque
578 1338 745 1422 Aqoetaiuc
759 1343 817 1406 ait:
836 1341 1010 1406 veritatem
1026 1340 1086 1404 Dei
1104 1341 1138 1404 in
1152 1339 1316 1423 injustitia
1332 1341 1490 1416 detineat
1501 1344 1593 1408 abea-

464 1476 524 1540 que
544 1458 658 1540 sciptor
680 1459 727 1529 ita
747 1458 908 1540 abiciunt.
931 1465 966 1520 ut
991 1456 1116 1520 tandem
1139 1457 1283 1524 vibratur
1306 1460 1348 1522 eie
1373 1475 1450 1523 ocra
1471 1462 1594 1542 opinio,

464 1591 560 1654 quarn
582 1591 636 1639 ore
657 1552 847 1654 defendunt,
864 1582 892 1637 ct
911 1573 1001 1636 corbe
1026 1574 1191 1654 neqabant.
1215 1572 1271 1638 Sic
1299 1578 1333 1657 fit
1355 1576 1450 1656 pectis
1473 1577 1595 1641 anieno-

464 1709 548 1769 runc,
570 1701 607 1757 ut
627 1669 700 1757 dicit
726 1688 762 1754 Τ.
786 1690 907 1766 Liuius,
930 1701 958 1755 et
983 1694 1097 1757 notin
1120 1690 1475 1759 Antimacbiaceiiicneo.

551 1809 710 1876 Probatur
729 1811 885 1891 coeterior
906 1828 981 1891 qarc
1004 1811 1185 1892 copulative.
1209 1808 1273 1887 Qui
1294 1821 1401 1877 autem
1415 1813 1519 1877 netum
1538 1811 1593 1876 bei

463 1928 586 2004 babent,
607 1937 637 1992 rt
658 1945 723 1993 non
745 1928 920 2003 scientiam,
944 1930 1087 2010 quamuis
1110 1930 1298 1993 sanctissimi
1314 1931 1388 2004 rint,
1405 1929 1468 1993 nisi
1485 1948 1506 1993 a
1528 1928 1591 1992 Dea

461 2063 637 2127 eaqreceanc
659 2047 876 2112 renotationem
898 2049 1096 2128 acceperint.
1126 2065 1326 2130 nequaquam
1349 2047 1384 2110 be
1408 2049 1589 2130 quaestione

460 2163 515 2228 tab·
522 2164 667 2244 iudicare
689 2175 832 2245 parcunt.
855 2164 940 2230 Unde
956 2165 1132 2247 Aqoetoiur,
1151 2166 1193 2230 ab
1217 2164 1307 2230 Rom.
1324 2167 1364 2240 X,
1381 2167 1593 2230 testiinonium

456 2283 591 2363 perbibet
607 2282 747 2359 Iudaeis,
764 2285 847 2365 quod
861 2285 1038 2364 percecuuti
1051 2285 1171 2365 [aerini
1186 2285 1374 2348 cbrietianoe
1386 2301 1428 2347 ex
1439 2284 1510 2348 zeba
1521 2285 1593 2359 Dei,

457 2398 514 2462 acb
535 2416 602 2463 non
617 2398 800 2463 secundum
814 2400 997 2464 scientiam.
1015 2398 1061 2462 De
1077 2401 1177 2481 seipso
1191 2419 1313 2482 quoque
1338 2374 1480 2473 testatur,
1504 2401 1587 2480 quob

453 2518 599 2596 putarit,
623 2534 655 2578 cc
677 2515 857 2598 obsequium
878 2527 1039 2597 praestare
1066 2515 1139 2580 Dea.
1169 2515 1212 2580 Et
1239 2519 1384 2598 quamvis
1406 2525 1485 2581 esset
1520 2518 1586 2579 iite-

457 2640 547 2695 ratas
571 2640 599 2693 et
622 2631 761 2695 eraditur
783 2633 817 2694 in
840 2631 913 2712 beqc,
936 2649 1023 2695 secur
1039 2634 1129 2714 quiec
1147 2631 1357 2705 Ganabaeiic.
1376 2643 1405 2697 et
1425 2636 1459 2697 in
1475 2634 1590 2698 bactri·

455 2749 507 2811 nis
529 2747 749 2821 saecularibus,
774 2758 876 2812 tamen
899 2751 968 2813 ait:
991 2751 1149 2832 Ignorans
1175 2751 1236 2814 ioci
1271 2756 1303 2815 et
1337 2753 1371 2815 in
1408 2751 1588 2815 increduli·
1662 2805 1665 2810 .

457 2871 525 2930 tate
546 2883 640 2930 mea:
663 2867 740 2948 quia
758 2885 823 2930 non
843 2886 900 2948 per
922 2868 1030 2931 omnia
1052 2879 1238 2949 arqumenta
1271 2870 1472 2934 examinarat
1496 2870 1585 2951 fidem
1665 2897 1668 2902 ·

454 2985 709 3061 christianorum,
728 2987 820 3049 sicuti
839 2985 973 3050 debebat.
998 2985 1165 3052 Praeterea
1184 2986 1379 3061 Lactantius,
1397 2985 1581 3050 Firmianuc

454 3109 484 3164 et
505 3099 540 3164 S.
565 3102 777 3184 Auquctinun
800 3121 872 3167 cum
894 3114 992 3167 cuent
1014 3105 1117 3168 cancti
1139 3078 1177 3168 ac
1199 3103 1291 3176 boeti,
1308 3109 1502 3183 neqaccrunt
1520 3119 1583 3164 an-

454 3219 581 3300 tipodas,
603 3222 679 3285 moti
700 3240 741 3285 ea
763 3221 826 3286 ceto
845 3222 903 3284 Dei
919 3233 945 3285 et
963 3220 1229 3303 Scripturarunt:
1252 3223 1332 3284 ιιοιιι
1355 3228 1440 3301 qatet
1463 3237 1505 3282 eo
1527 3236 1584 3282 ar-

447 3341 612 3419 qunentie‚
626 3357 707 3420 quae
723 3339 794 3402 inde
809 3339 1004 3410 educuntur:
1028 3349 1094 3404 tum
1110 3341 1188 3420 quia
1204 3340 1343 3407 bominis
1363 3337 1407 3402 iiii
1420 3355 1461 3402 cc
1480 3335 1583 3399 Adam

452 3474 515 3521 non
550 3459 709 3522 trabereut
730 3459 902 3538 oriqinern,
926 3461 1009 3541 quod
1041 3470 1086 3523 est
1119 3468 1230 3522 contra
1260 3456 1484 3540 Scriptorum
1517 3465 1584 3523 tan

448 3577 527 3657 quio
548 3578 590 3640 sit
612 3577 803 3658 impossibiie,
835 3595 876 3640 ea
910 3579 1024 3641 nostris
1048 3579 1119 3642 iiiuc
1147 3578 1298 3657 miqrasec
1330 3594 1387 3657 per
1425 3573 1585 3641 Oceanum

421 3692 761 3780 ιιιηριιιιιιιιιιιιίιιιι,·
780 3692 836 3756 ab'i
859 3693 1002 3765 abdunt,
1027 3694 1104 3775 quia
1130 3691 1271 3757 Cbriciue
1296 3693 1361 3756 beic
1384 3700 1415 3754 et
1437 3693 1482 3755 ibi
1504 3709 1582 3754 cru·

447 3811 563 3890 cifiouc
586 3811 629 3874 bis
652 3811 785 3891 suisset:
806 3813 882 3892 qaia
904 3808 1077 3892 Scriptura
1101 3811 1204 3882 dicat,
1232 3810 1349 3878 coebum
1376 3826 1439 3872 eece
1465 3817 1577 3872 eoten-

444 3947 519 3994 cunc
540 3929 620 3994 ricut
642 3947 821 4002 cameram,
845 3930 936 4011 cujus
962 3930 1044 3992 basis
1068 3927 1156 3991 tebius
1180 3925 1251 4010 (ait
1271 3925 1417 3990 lactinae
1427 3922 1443 4009 )
1457 3971 1466 3997 ‚
1481 3941 1576 4005 cuper

445 4064 512 4132 qua
533 4065 638 4128 aquo,
660 4057 688 4111 et
711 4063 804 4128 tuqer
827 4048 884 4112 bac
908 4046 1026 4112 coebum
1060 4045 1222 4114 immobile.
1258 4041 1482 4109 Nibotonn'nuc
1509 4041 1581 4122 jan

443 4163 596 4240 cibemur,
616 4162 711 4245 {abac
735 4181 799 4229 csse
823 4167 959 4230 rationes
983 4166 1074 4228 bacca
1097 4180 1138 4227 eo
1160 4160 1282 4243 delectu
1297 4159 1530 4224 matbematicae
1548 4166 1575 4219 et

443 4285 696 4366 cormoqraqbiac
710 4293 813 4355 artae:
824 4294 1061 4365 proptereaque
1076 4278 1281 4362 Scripturam
1293 4296 1415 4361 quoque
1429 4277 1580 4358 torqueri.

442 4399 490 4466 Bt
511 4403 594 4466 eicut
616 4402 699 4482 [aba
722 4421 785 4466 erse
808 4400 1046 4482 deprehenditur
1071 4399 1228 4464 cententio
1251 4395 1286 4460 S.
1314 4395 1467 4467 Thamar,
1498 4393 1581 4475 quob

442 4518 502 4582 cub
523 4519 742 4600 aequinoctiali
765 4538 830 4583 non
854 4528 937 4583 extet
960 4517 1112 4583 babitatio
1135 4516 1318 4586 bominum,
1343 4514 1436 4594 ibque
1456 4511 1579 4592 pbieio·

445 4636 544 4714 ioqiae
567 4645 596 4699 et
613 4638 821 4719 qeoqraqbiae
845 4635 952 4699 itidem
973 4633 1096 4715 deiectu
1117 4642 1146 4697 et
1168 4651 1209 4697 eu
1232 4632 1296 4695 cebo
1315 4628 1505 4701 Aristotelis,
1530 4629 1581 4691 cui

442 4754 542 4832 moqic
566 4754 687 4820 credere
710 4758 807 4849 coluit
824 4773 920 4837 quam
944 4754 1066 4820 eilberti
1090 4753 1205 4833 Maqni
1226 4761 1255 4814 et
1281 4750 1460 4815 Aoicennoe
1482 4748 1582 4815 ratio·
