4109 5934
440 740 505 805 t38
852 753 1006 799 sottusrto
1031 753 1164 798 uertunt

440 886 510 967 quis
534 885 675 967 infinitae
698 884 859 946 mixtionis
882 893 1028 947 motuum
1051 882 1225 946 cocbstittrn
1241 891 1411 964 expertus,
1435 887 1492 964 qui
1516 904 1581 948 non

440 1003 546 1067 statim
572 1003 676 1083 prima
710 1001 813 1082 [roseto
847 1018 970 1063 veraces
1005 1003 1061 1064 bas
1096 1001 1327 1064 obseruationes
1350 1001 1583 1082 depredendat?

440 1118 523 1183 Nam
545 1120 571 1182 si
593 1119 758 1183 consilium
777 1118 902 1198 cepisset
920 1118 1038 1181 anlbor
1059 1116 1204 1210 ementiri
1226 1134 1321 1180 stauos
1341 1117 1500 1198 planetas,
1523 1136 1583 1180 cur

441 1256 555 1321 quaeso
578 1256 642 1302 non
666 1237 804 1320 infinitos
828 1236 913 1300 circa
935 1238 1016 1317 duat
1041 1236 1181 1318 infinitas
1210 1237 1430 1299 commentitus
1453 1246 1522 1312 est,
1546 1246 1582 1298 ut

444 1355 606 1419 Cardiuali
629 1353 768 1424 Cusano.
790 1362 824 1415 ut
849 1351 964 1417 Bruno
986 1353 1118 1434 aliisque
1140 1351 1386 1434 suprapositus,
1408 1372 1581 1436 eorumque

441 1476 633 1540 autltoritate
656 1474 836 1536 verisimilia
858 1472 990 1535 diceret?
1018 1468 1111 1547 Quod
1132 1475 1159 1534 si
1184 1489 1247 1535 non
1267 1472 1460 1552 placuerunt
1484 1476 1579 1554 fixae.

442 1610 501 1655 cur
523 1592 609 1654 circa
630 1591 752 1662 Jouem.
776 1592 888 1654 omisso
912 1587 1067 1658 Saturno.
1092 1588 1212 1664 Marte,
1242 1589 1376 1653 Venere?
1404 1589 1474 1652 Cur
1501 1609 1582 1672 qua·

442 1720 515 1774 taor
537 1711 701 1792 finxisset.
725 1719 753 1772 et
778 1727 841 1772 uon
865 1709 913 1771 oel
936 1727 1059 1782 unum,
1083 1709 1131 1772 uti
1153 1709 1238 1774 circa
1264 1706 1421 1772 Tellurem
1444 1720 1491 1773 est
1517 1728 1582 1773 una

443 1828 556 1903 tono.
578 1829 627 1891 uel
647 1847 704 1892 sec
727 1830 774 1891 uti
796 1829 882 1891 circa
905 1825 1011 1892 Solem
1044 1837 1120 1892 sunt
1156 1827 1231 1892 scal
1266 1824 1309 1890 tte
1343 1830 1425 1910 quia
1458 1827 1584 1910 Jupiter

443 1948 556 2011 electus
579 1957 635 2020 est.
658 1965 717 2010 cur
740 1964 803 2011 non
827 1947 935 2026 lonpas
958 1946 1017 2009 illis
1038 1945 1180 2027 periodos
1199 1947 1304 2027 potius
1325 1947 1487 2022 attribuit,
1506 1949 1583 2028 quia

444 2063 581 2129 ettonis
604 2065 757 2129 circuitus
781 2065 892 2145 lonpus
916 2081 1078 2128 annorum
1095 2062 1279 2129 duodecim:
1302 2064 1460 2128 tetradeo
1477 2065 1583 2128 breves

443 2192 478 2246 ot
501 2183 701 2247 tardissimus
725 2181 961 2274 quatuordecim
990 2182 1096 2246 diebus
1127 2181 1252 2246 redeatl
1273 2179 1358 2246 Nam
1380 2183 1410 2244 si
1432 2200 1512 2264 auae
1533 2192 1577 2246 est

437 2304 597 2382 proportio
619 2301 737 2364 reditus
761 2299 872 2365 Lunae
895 2300 937 2365 ad
960 2300 1095 2366 reditum
1121 2297 1264 2374 Telluris,
1287 2318 1385 2382 auam
1407 2297 1501 2366 Luna
1516 2301 1584 2364 cis-

442 2420 487 2498 pil
510 2418 680 2494 curriculo,
702 2417 808 2482 eadem
828 2419 938 2500 [nisset
961 2425 1084 2482 statuta
1104 2419 1265 2498 proportio
1279 2416 1401 2480 reddes
1425 2419 1524 2482 unius
1546 2435 1586 2481 eu

442 2539 497 2604 lenc
519 2538 634 2603 loaiuli
655 2539 800 2604 satellitio
821 2538 863 2604 ael
885 2538 1020 2601 reditum
1033 2534 1131 2609 locis.
1150 2536 1193 2602 ad
1210 2537 1316 2601 minut
1332 2554 1462 2601 mntem
1484 2555 1585 2600 unuin

440 2654 573 2719 solarem
595 2654 714 2719 satelles
738 2653 788 2718 ille
808 2655 941 2719 sortitur
965 2663 1055 2719 esset.
1080 2651 1232 2736 Denique
1264 2670 1338 2718 cum
1369 2653 1520 2717 satellites
1540 2653 1585 2715 illi

443 2771 564 2837 easdem
588 2783 738 2854 perpetuo
761 2781 890 2854 partes,
912 2781 942 2835 et
964 2771 1007 2836 ad
1028 2790 1085 2837 nos
1115 2780 1299 2836 concertant
1328 2779 1359 2834 et
1390 2771 1435 2836 ad
1461 2769 1586 2836 Solem

442 2908 537 2974 coque
559 2909 678 2974 semper
700 2891 795 2955 lucidi
816 2909 880 2954 esse
903 2890 1090 2955 debuerint:
1123 2890 1200 2972 petiti
1238 2890 1370 2953 attinuit
1392 2890 1586 2954 mulsisti

440 3010 633 3092 splendorem
655 3012 900 3086 inconstantem,
922 3018 957 3072 ul
982 3009 1107 3074 obscuri
1127 3017 1227 3073 esseru
1250 3008 1286 3070 in
1302 3007 1490 3073 excursibus
1513 3024 1585 3070 nsa-

443 3131 561 3204 cimis,
582 3130 660 3194 clari
677 3128 927 3210 propriorem?
950 3126 1016 3196 Cur
1039 3145 1156 3210 quaeso
1177 3129 1248 3211 auis
1272 3144 1341 3191 rem
1365 3126 1405 3190 de
1423 3124 1585 3190 industria

443 3247 634 3319 involveret,
658 3249 734 3310 talio
755 3249 956 3330 coniuctus,
985 3265 1123 3329 quorum
1149 3247 1285 3311 rationes
1312 3246 1458 3308 inuenire
1480 3243 1585 3324 despe-

444 3365 510 3428 rell
532 3362 639 3447 Neque
662 3366 737 3428 dum
760 3368 844 3428 enim
870 3366 947 3428 tellao
971 3366 1048 3428 milei
1071 3365 1274 3445 satisfaciunt
1294 3364 1390 3442 nujus
1416 3362 1463 3424 rei
1487 3364 1582 3425 ratio·

446 3503 509 3556 nes,
533 3503 633 3567 neque
656 3506 735 3568 quas
760 3483 919 3550 Galilaeus
944 3486 1063 3559 attulit,
1091 3504 1191 3565 neque
1210 3501 1289 3565 quas
1305 3502 1360 3562 epo
1380 3484 1417 3544 in
1432 3479 1583 3563 Epistola.

445 3599 532 3665 Adde
554 3605 758 3684 incompertos
783 3605 965 3668 celeriorunt
985 3605 1083 3667 trium
1103 3603 1245 3683 periodos
1269 3611 1298 3663 et
1324 3602 1429 3663 nescio
1455 3618 1502 3664 an
1526 3615 1581 3660 un·

444 3739 540 3802 quam
563 3723 777 3787 tnoentenaas.
800 3721 838 3785 Si
860 3724 942 3785 enim
965 3721 1053 3785 libuit
1079 3717 1219 3784 Galilaea
1242 3720 1393 3791 mentiri,
1428 3736 1490 3782 eur
1524 3733 1580 3780 non

446 3836 509 3919 (nti
531 3857 696 3904 memorem
718 3841 811 3920 ajunt
834 3847 975 3921 oportere
998 3858 1062 3902 esse
1085 3838 1282 3922 mendacem)
1306 3839 1521 3918 apparitiones
1549 3833 1581 3895 il·

445 3956 489 4018 las
513 3975 554 4020 eoo
577 3959 666 4020 cerlis
690 3957 813 4020 circulis
837 3966 866 4020 et
889 3957 1021 4037 periodis
1045 3967 1208 4037 conceptas
1235 3955 1412 4027 ordinauit,
1436 3963 1467 4016 et
1491 3951 1578 4034 quasi

444 4092 484 4137 ea
509 4073 695 4154 epltemeride
728 4075 934 4154 deprompsit?
957 4073 1011 4136 An
1030 4093 1094 4137 non
1117 4075 1260 4152 inpenua
1283 4082 1326 4133 est
1350 4069 1509 4152 consessio
1530 4087 1578 4131 re·

443 4209 515 4254 runt
537 4192 773 4256 observatorum
795 4211 860 4275 peta
882 4192 1076 4256 credibilium
1100 4210 1164 4272 qua
1185 4189 1423 4253 incredibilium.

535 4309 603 4374 Has
627 4330 681 4392 epo
704 4315 839 4376 rationes
858 4331 1005 4376 assensus
1025 4313 1084 4374 enei
1097 4310 1298 4392 praecipitati
1315 4308 1343 4369 si
1361 4307 1495 4388 fuissem
1508 4323 1579 4387 pro-

443 4428 544 4508 fessus
560 4430 594 4491 in
610 4427 774 4512 Epistola,
798 4432 874 4513 quid
895 4431 984 4497 aliud
1001 4431 1079 4494 milti
1097 4430 1207 4511 luisset
1225 4427 1470 4509 expectandum,
1487 4440 1580 4508 quant

445 4555 479 4607 ut
503 4545 622 4611 calidus
645 4550 759 4632 aliquis
788 4550 918 4631 juvenis
949 4551 1164 4621 exclamarem
1185 4565 1233 4611 nte
1257 4545 1336 4609 nibil
1356 4545 1449 4609 allud
1470 4546 1507 4609 iis
1529 4559 1581 4606 ra·

447 4664 581 4729 tionibus
615 4686 728 4749 apere.
763 4689 858 4751 quarn
892 4680 926 4732 ut
966 4668 1132 4751 Galilaejas
1168 4666 1399 4732 obseruationes
1432 4659 1582 4748 refutem?

448 4779 582 4858 Quando
605 4787 678 4851 baec
702 4791 906 4871 spcopltantia
931 4810 968 4854 ne
991 4793 1034 4854 sic
1058 4790 1181 4872 quidem
1204 4806 1272 4851 enea
1296 4784 1442 4868 Epistola
1456 4799 1579 4867 pernen
