4109 5934
800 768 952 817 senionis
974 767 1034 815 ono
1057 768 1198 815 snssssso
1511 755 1575 819 505

442 900 614 966 enristiono
636 897 824 964 commendet
847 899 914 960 suis
937 912 1043 959 ornnes
1068 896 1239 967 seientios‚·
1271 898 1348 978 puio
1375 896 1411 958 de
1437 897 1575 976 soisitote

441 1017 700 1081 mmmt

535 1120 716 1209 Quintuns‘,
739 1132 823 1213 quod
844 1133 900 1213 poi
923 1142 1087 1214 sompnum
1109 1149 1149 1194 en
1172 1131 1316 1194 doctrino
1338 1132 1409 1214 fidei
1431 1134 1577 1199 enristio·

445 1270 505 1328 noe
525 1251 728 1333 pittosoptu,
740 1251 863 1314 notione
878 1259 906 1312 et
922 1249 1143 1330 experimentis
1165 1248 1312 1328 dopmnis
1326 1267 1386 1314 suu
1401 1251 1577 1330 prebentes,

443 1372 643 1451 impupnont,
656 1366 783 1450 quondo
805 1367 858 1430 itin
878 1383 941 1431 non
959 1376 1035 1429 sunt
1057 1382 1200 1447 expresse
1223 1367 1384 1430 eontrorio
1401 1363 1576 1448 seripturis

444 1486 586 1556 sonetis,
609 1484 831 1566 expositionem
854 1501 918 1546 non
941 1482 1163 1563 recipientibus
1194 1498 1252 1564 per
1284 1483 1360 1546 otios
1391 1492 1578 1554 contentus:

446 1607 496 1669 tie
516 1602 689 1684 perniciose
709 1610 821 1667 eontra
842 1618 883 1673 se,
908 1609 938 1664 et
959 1602 1052 1682 impie
1074 1609 1187 1664 oestro
1209 1601 1309 1682 idem,
1330 1610 1359 1662 et
1377 1602 1519 1665 irrisorie
1536 1604 1579 1666 od

446 1718 524 1784 otios
547 1736 579 1782 se
601 1719 733 1782 iubent:
755 1717 852 1780 mutto
874 1726 982 1781 autem
1003 1719 1126 1797 inopis,
1159 1718 1214 1798 qui
1244 1714 1430 1799 Scripturas
1452 1735 1579 1784 sensuris

447 1840 506 1902 uni
527 1853 568 1901 eo
586 1836 773 1918 pititusopttis
796 1836 843 1899 ito
864 1835 1077 1899 oeeommodot
1099 1844 1135 1897 ut
1157 1835 1239 1897 otius
1258 1836 1471 1900 incommodet.

537 1953 684 2028 Senium,
707 1953 792 2036 quoti
814 1970 878 2018 non
900 1955 1002 2017 omnis
1025 1954 1149 2034 sotsites
1172 1954 1218 2016 ito
1235 1955 1449 2018 contrarietur
1471 1952 1581 2038 Serip-

449 2073 539 2148 tnris‚
560 2081 597 2135 ut
619 2070 764 2136 notendo
785 2072 825 2133 sit
847 2089 905 2151 pro
926 2073 1084 2134 inernies
1105 2073 1139 2134 in
1162 2071 1289 2135 eeetesio
1314 2071 1478 2145 mititonte.
1498 2076 1581 2138 siout

448 2193 587 2272 fortassis
605 2199 649 2255 est
668 2193 704 2254 in
726 2191 949 2271 triumphante,
972 2192 1035 2253 nist
1056 2206 1184 2253 sensum
1199 2188 1387 2271 Scripturas
1404 2192 1508 2270 subito
1522 2204 1579 2256 out

450 2316 675 2392 consequenter
697 2317 838 2372 eoertot:
862 2318 890 2371 et
913 2308 997 2389 quod
1014 2309 1042 2370 si
1057 2308 1187 2386 theutopi
1207 2309 1394 2388 eosnpteunti
1416 2318 1491 2372 sunt
1506 2311 1582 2390 dop-

450 2437 550 2503 nsotn,
573 2426 751 2509 seripturis
778 2426 835 2490 Dei
856 2429 957 2507 inopis
975 2436 1032 2490 out
1049 2445 1148 2508 oeque
1166 2412 1327 2491 contrusio
1340 2428 1511 2490 seeundum
1524 2446 1584 2508 op·

448 2546 641 2626 ponentium,
664 2561 727 2608 non
749 2547 790 2608 rit
813 2544 1069 2609 condemnandus
1091 2553 1149 2608 out
1170 2562 1191 2608 u
1212 2545 1422 2626 speeutotione
1439 2546 1583 2611 utteriosi

451 2660 620 2738 orsenius,
642 2664 708 2743 qui,
738 2680 782 2725 oo
814 2664 860 2726 itu
886 2679 917 2725 se
945 2663 1078 2726 iubeant
1101 2662 1247 2742 dopmoto
1269 2679 1351 2744 quoe
1372 2663 1582 2745 adseruntur,

452 2779 597 2860 inquirit,
622 2779 728 2843 onieno
745 2781 886 2842 ueritatis
907 2777 1090 2859 operiendos
1107 2794 1171 2842 non
1189 2779 1259 2860 fidei
1276 2778 1518 2860 impupnondue.

545 2890 634 2970 (tuus
649 2899 837 2960 assertiones
857 2914 914 2960 sen
928 2898 962 2958 in
985 2894 1170 2974 Tneotopieis
1187 2895 1302 2960 nostris
1313 2895 1473 2977 probatus,
1487 2909 1583 2977 prout

450 3017 609 3094 praesenti
631 3018 808 3097 quaestioni
830 3015 962 3095 expedit,
987 3016 1105 3078 iterum
1123 3015 1258 3097 prebere
1280 3032 1345 3078 non
1368 2993 1582 3095 pronubinsur.

787 3266 948 3313 mousson
972 3266 1118 3314 ssanrto
1141 3267 1247 3316 PRIMA.

549 3480 743 3567 Ouonpuorn
767 3485 949 3550 Ciristiuno
972 3488 1100 3568 suffieit,
1125 3503 1214 3550 nosse
1238 3506 1318 3568 pune
1347 3491 1406 3550 sitsi
1432 3490 1585 3552 eredendo

452 3611 527 3665 sunt
550 3602 593 3666 ost
609 3604 738 3667 satutem
760 3613 921 3668 oeternum
943 3604 1205 3691 consequendam,
1229 3613 1264 3666 ut
1287 3605 1371 3668 docet
1390 3603 1427 3665 D.
1452 3603 1585 3670 Ytornos

453 3723 490 3784 in
508 3723 548 3796 ll,
562 3721 593 3794 2,
623 3719 753 3796 Quaest.
771 3722 793 3787 8
810 3733 838 3786 et
858 3724 889 3795 9,
906 3733 935 3785 et
954 3740 1025 3786 enin
1046 3741 1080 3788 eo
1097 3741 1203 3787 omnes
1226 3723 1366 3804 tneotopi,
1387 3739 1451 3787 non
1472 3727 1584 3806 suffieit

453 3844 561 3901 tomen
583 3837 727 3919 tneotopu
750 3839 842 3919 eujus
865 3850 910 3902 est
933 3840 1016 3903 aiios
1034 3840 1201 3903 exhortari
1221 3840 1254 3902 in
1271 3840 1420 3904 doctrina
1443 3853 1535 3914 saon,
1553 3846 1585 3903 et

452 3954 718 4022 contradicentes
740 3976 891 4041 arguere,
914 3968 951 4023 ut
973 3959 1065 4036 deest
1084 3961 1265 4040 Apostolus,
1288 3971 1317 4023 et
1339 3978 1411 4023 eum
1426 3978 1460 4023 eo
1478 3976 1584 4022 omnes

451 4084 571 4155 potres.
597 4075 678 4138 Cum
711 4077 794 4139 enim
817 4077 853 4140 oe
874 4079 1018 4142 omnibus
1041 4078 1133 4141 rebus
1161 4095 1218 4160 per
1239 4078 1424 4142 ottissirnnrn
1445 4091 1586 4148 sonsum,

455 4208 540 4272 pune
565 4190 651 4257 Dens
675 4201 741 4268 est,
762 4194 908 4274 judicare
931 4195 1043 4258 nooeot
1066 4196 1234 4276 tientopus,
1256 4203 1284 4257 et
1307 4212 1373 4258 non
1392 4209 1449 4276 per
1474 4210 1586 4259 cousus

458 4309 551 4373 motio
574 4310 747 4391 inferiores,
772 4311 1032 4394 quemadmodum
1054 4313 1168 4375 coeteri
1189 4313 1323 4394 ertiltees
1353 4319 1383 4374 et
1408 4314 1587 4392 sopientur

452 4426 574 4509 indipet
595 4446 701 4493 omnes
723 4431 870 4499 scientius
892 4447 1048 4511 pernosse,
1079 4439 1115 4491 ut
1143 4431 1237 4494 simut
1263 4429 1373 4505 Deum,
1398 4429 1482 4511 quod
1514 4429 1584 4509 sius

457 4545 613 4611 obiectum
634 4550 807 4630 prineipute
830 4556 886 4622 est,
910 4557 938 4610 et
965 4551 1072 4612 omnin
1098 4565 1190 4630 opero
1226 4547 1283 4612 Dei
1304 4557 1485 4627 eopneseots
1505 4549 1585 4611 etsi

455 4681 523 4745 quo
550 4667 705 4742 seientia,
727 4685 807 4749 quoe
834 4666 870 4730 de
895 4665 960 4731 Deo
984 4676 1013 4730 et
1036 4668 1071 4730 or
1093 4667 1233 4748 operibus
1258 4638 1425 4748 Dei'opuo
1446 4666 1585 4731 tornines

457 4789 586 4856 tructos,
611 4786 797 4849 contradicit
818 4785 965 4848 scientiae
987 4783 1208 4859 divinionensis
1227 4785 1412 4866 impupnore
1431 4785 1538 4865 possit,
1553 4791 1583 4846 et

542 4895 667 4955 Gsuseo
688 4898 805 4955 Gsusss
823 4931 848 4942 -
868 4899 899 4954 T.
921 4900 955 4954 V.
1428 4901 1465 4953 ot
