4109 5934
559 637 603 702 ib
1022 648 1261 696 onosma

553 801 655 867 quur
677 798 766 846 nnnc
789 781 883 845 nobts
904 780 1032 844 solvere
1053 782 1282 861 proponimsr;
1304 797 1383 845 nam
1403 784 1477 866 elus
1499 798 1587 846 vera
1608 784 1744 850 sotutio

557 891 660 957 tendit
683 892 753 972 ipsa
775 907 906 971 quoqne
928 888 971 950 ad
993 888 1238 952 conclusionem
1257 891 1412 971 propositi
1434 891 1551 953 nturi.

647 1002 699 1066 Ex
730 1020 786 1075 ern,
808 998 898 1079 qnod
930 1015 1032 1079 snpra
1058 999 1185 1063 dictum
1218 1007 1294 1073 est,
1328 999 1396 1062 dno
1416 999 1551 1063 criteria
1572 1002 1744 1066 veritaris

564 1112 599 1175 in
638 1111 699 1174 bac
730 1128 766 1173 re
798 1109 898 1174 statui
931 1117 1089 1191 possunt:
1117 1110 1239 1191 primo,
1273 1109 1440 1182 masticet,
1473 1108 1739 1190 interitionem

559 1223 751 1286 chartarum
775 1219 862 1284 tacto
884 1220 1014 1302 privato
1035 1220 1205 1283 evenisse:
1227 1220 1425 1295 secundnm,
1440 1219 1482 1281 ab
1503 1219 1735 1299 tuq-urtone

559 1339 667 1396 actam
691 1329 791 1393 tuisse
812 1328 846 1391 in
869 1328 983 1394 odium
1000 1330 1048 1393 rei
1065 1338 1098 1393 et
1116 1335 1308 1403 anctorum,
1324 1330 1408 1393 sicut
1425 1328 1582 1392 Percttius
1599 1336 1640 1392 et
1665 1329 1736 1393 Fa-

556 1441 693 1506 bronius
705 1439 862 1514 innuunt,
877 1448 909 1502 et
926 1439 1075 1504 absolute
1088 1438 1204 1501 amerit
1224 1438 1369 1509 Libriusz
1386 1437 1516 1500 nemine
1533 1436 1642 1500 trium
1667 1455 1735 1503 on-

492 1573 500 1588 ,
558 1567 630 1613 ram
649 1548 836 1624 adhibente,
853 1555 890 1613 ut
910 1548 1124 1612 assertionem
1144 1560 1240 1611 snam
1255 1546 1369 1626 atiquo
1387 1544 1577 1610 testimonio
1598 1546 1735 1611 confir-

557 1668 671 1725 maret.
687 1660 837 1727 Gratuita
854 1661 990 1724 omnino
1006 1658 1144 1721 dicenda
1158 1667 1207 1722 est
1223 1656 1450 1740 hujuscemodi
1464 1655 1617 1731 assertim
1633 1673 1728 1738 qnae

558 1768 747 1833 infirmatur
764 1786 803 1830 ac
823 1766 992 1831 subruitur
1010 1766 1155 1847 pondere
1176 1767 1382 1846 sequentinm
1404 1764 1727 1830 wnsiderationum.

649 1875 681 1939 1·
696 1875 798 1952 Quia,
821 1873 931 1937 denuo
953 1874 1146 1955 repetimus,
1180 1875 1324 1957 gratuita
1350 1880 1400 1937 est
1432 1880 1465 1936 et
1494 1871 1588 1935 nutto
1617 1889 1729 1958 argu·

561 1989 675 2048 mento
696 1984 858 2046 roborata.

649 2092 683 2154 2·
697 2090 797 2168 Quia,
812 2091 976 2173 judicium
988 2111 1086 2174 porro
1098 2093 1138 2157 de
1165 2093 1377 2175 inquisitione
1399 2094 1453 2158 vel
1475 2093 1732 2160 severissimum

559 2200 705 2285 proferre
731 2201 842 2279 liceat,
864 2204 988 2269 nemini
1012 2203 1047 2268 in
1073 2211 1217 2268 mentem
1238 2205 1357 2271 cadere
1380 2204 1511 2286 poterit,
1533 2203 1625 2283 quod
1647 2205 1731 2268 'lii-

559 2309 658 2375 bunct
682 2310 770 2377 istud
795 2314 969 2395 repentina
991 2314 1175 2395 suspicione
1197 2320 1331 2395 captum
1358 2312 1456 2377 tuerit
1480 2310 1581 2396 (adde
1603 2319 1729 2378 contra

559 2440 734 2504 personam
757 2422 901 2504 theologi
922 2423 1067 2486 titularis
1101 2419 1278 2486 cardinatis
1310 2422 1383 2488 lob.
1407 2421 1524 2488 Karoti
1546 2419 1587 2484 (tc
1609 2423 1728 2486 Medi-

558 2529 618 2615 cis)
632 2528 677 2615 (1)
687 2546 748 2609 pro
758 2529 844 2593 tacto
851 2529 922 2610 jam
931 2529 1074 2610 cognito,
1084 2535 1117 2593 ct
1127 2530 1162 2591 in
1175 2530 1313 2595 liberum
1325 2546 1466 2594 examen
1477 2533 1634 2592 revocato
1644 2536 1730 2594 ante

565 2653 671 2701 annos
692 2637 822 2700 circiter
845 2637 917 2700 XL:
937 2653 996 2717 pro
1015 2634 1117 2710 tacto,
1136 2635 1169 2697 in
1186 2653 1252 2715 qun
1263 2642 1311 2699 tot
1322 2637 1367 2718 pii
1379 2635 1564 2703 sacerdotes
1580 2635 1728 2715 agebant

564 2760 642 2808 cum
676 2743 910 2824 approbatione
943 2749 975 2807 ct
1010 2743 1107 2808 laude
1140 2749 1187 2807 tot
1221 2745 1406 2825 principum
1441 2743 1728 2820 christianorum,

566 2851 731 2933 ipsiusque
754 2851 882 2918 Summi
904 2852 1072 2919 Pontificio
1088 2851 1211 2916 Urbani
1228 2851 1312 2927 vtrr,
1329 2852 1398 2933 qui,
1421 2853 1521 2936 paulo
1536 2857 1613 2916 ante
1624 2853 1728 2915 exat-

563 2960 719 3024 tatinnem
743 2976 838 3026 suam
861 2959 903 3024 ad
925 2960 1129 3045 pontificiam
1152 2960 1277 3037 sedem,
1293 2960 1405 3026 landes
1428 2958 1567 3024 Galilaei
1585 2959 1726 3024 metrice

633 3214 670 3279 (t)
686 3213 734 3265 Est
750 3214 938 3266 documentum
954 3216 980 3266 iu
998 3229 1040 3267 re:
1058 3215 1145 3278 (MSS.
1162 3215 1313 3265 lienteriam
1327 3213 1378 3266 vol.
1399 3213 1421 3273 1,
1439 3212 1482 3262 cb.
1498 3214 1524 3273 t)

725 3318 813 3367 Sem
828 3331 841 3366 e
857 3319 922 3368 rtur
937 3319 1061 3382 Principe
1078 3318 1219 3369 cardinato

631 3397 653 3446 u
669 3397 727 3449 Ρη.
744 3398 803 3450 Iton
817 3400 959 3451 Vincenzin
975 3401 1081 3450 ltentcri
1097 3400 1225 3451 olivetano
1241 3400 1413 3450 bumitiuimn
1429 3410 1504 3448 servo
1520 3397 1545 3445 di
1563 3395 1591 3445 V.
1603 3395 1637 3445 Δ.
1648 3393 1721 3442 lim·

561 3478 691 3531 rtrercnte
706 3480 730 3532 ta
747 3483 861 3546 supplica
877 3498 893 3534 a
909 3484 984 3548 iorgii
999 3485 1085 3548 grazia
1101 3484 1127 3535 di
1141 3483 1274 3549 eteggertn
1289 3497 1337 3534 ruo
1347 3483 1475 3546 mingo,
1487 3482 1537 3531 cbe
1550 3478 1591 3529 det
1603 3483 1672 3528 tutto
1685 3492 1721 3528 ne

560 3565 658 3613 restrrt
673 3567 854 3616 sternumento
871 3565 1000 3629 obbligatn
1021 3566 1097 3617 an’a.
1117 3567 1149 3618 V.
1170 3567 1239 3615 lim
1255 3577 1302 3630 per
1318 3564 1343 3614 ta
1356 3564 1434 3631 quale
1454 3565 1563 3629 pregart
1577 3560 1609 3611 N.
1626 3560 1653 3610 S.
1670 3572 1721 3622 per

563 3646 624 3709 opnt
640 3659 686 3696 sua
702 3647 834 3710 maggiorc
850 3647 1011 3698 outtatione.

632 3725 716 3790 Quam
733 3727 804 3779 Deus
818 3733 870 3779 etc.

630 3862 747 3915 Errcndn
763 3865 896 3917 tntnrmatt
911 3864 979 3916 delle
995 3866 1083 3917 bunne
1097 3866 1195 3933 quntitt
1210 3879 1226 3917 c
1240 3868 1324 3926 virtut,
1349 3866 1399 3916 cbc
1422 3863 1628 3928 eorrirponaono
1646 3861 1719 3912 nella

562 3959 672 4012 perenna
689 3946 748 3996 detl'
758 3946 880 4010 Oratore,
898 3949 915 3998 t'
924 3948 1087 4012 elcgphiamn
1097 3962 1144 4014 per
1154 3954 1246 4001 nostro
1261 3949 1389 4014 Teucro,
1406 3955 1434 3999 ct
1450 3948 1469 3999 u
1483 3948 1645 3999 btsiordomo
1656 3946 1720 3998 Ala-

562 4033 654 4086 rnannt
670 4033 696 4083 lo
712 4046 798 4098 ponpa
812 4034 838 4084 st
854 4038 944 4085 nnrtro
959 4032 1027 4083 ltoln
1043 4047 1117 4085 come
1133 4034 1194 4086 tale.

1167 4120 1230 4162 610.
1243 4119 1349 4164 CARDO
1362 4119 1455 4164 (im.
1469 4113 1634 4159 DB'HBMC!

1108 4189 1221 4251 Spinetto
1237 4191 1315 4239 Brncr’
1329 4204 1346 4238 o
1362 4192 1390 4240 dt
1402 4205 1465 4253 pm
1479 4189 1571 4240 Murro
1588 4189 1649 4235 1665

632 4293 668 4345 La
684 4301 805 4359 presente
820 4293 895 4360 copta
910 4295 925 4344 e
940 4297 1048 4344 ostratta
1064 4292 1106 4342 dot
1120 4305 1184 4344 nero
1199 4294 1336 4359 originale,
1362 4296 1412 4346 ebe
1429 4296 1497 4342 resta
1514 4303 1572 4354 app.
1589 4289 1615 4338 dt
1630 4299 1674 4337 mc
1690 4288 1717 4337 in

562 4374 621 4428 tua
637 4380 665 4426 a·
678 4379 817 4431 d‘brrntatt
833 4383 901 4431 sotto
917 4378 947 4429 n⁰
964 4379 1003 4428 nt.
1020 4376 1052 4427 ln
1068 4376 1126 4427 reor
1141 4377 1166 4427 dt
1183 4378 1232 4428 che
1248 4390 1282 4428 ne
1298 4378 1333 4429 bo
1349 4379 1415 4429 tutto
1438 4379 1530 4438 questa
1548 4370 1718 4423 attestatione

563 4460 705 4591 ttrmaudpt
721 4464 772 4513 mla
788 4465 891 4529 propria
914 4475 1004 4525 mano,
1023 4475 1038 4512 c
1054 4465 1251 4529 contrarepnrta
1274 4464 1317 4514 ool
1340 4461 1394 4511 mio
1417 4458 1494 4509 solito
1517 4456 1601 4521 sigillo
1625 4459 1717 4520 questo

564 4541 589 4592 rt
601 4573 801 4594 .........
816 4547 885 4598 ibit.

727 4622 756 4674 L·
773 4624 799 4676 θ’
1187 4691 1270 4741 {tarn
1287 4687 1437 4739 arriano
1453 4685 1615 4739 Motordomo
