4109 5934
826 752 857 801 sn
879 755 1011 802 naasson
1041 752 1196 804 stannus
1512 739 1576 804 tol

539 881 718 950 Waclshcsio
734 890 846 948 contra
860 885 974 957 visum,
991 883 1076 948 haud
1090 882 1181 946 ‹luhic
1196 885 1282 948 circa
1297 886 1435 964 finarum
1453 882 1576 965 aliquas

442 1006 608 1071 circumice
631 1021 728 1068 nouos
752 1005 806 1068 hos
828 1002 969 1084 planetas
994 999 1111 1084 (quale
1133 1002 1298 1084 quiajam
1320 1019 1341 1064 a
1362 1001 1463 1066 multo
1498 1011 1578 1066 tens·

442 1142 516 1206 poss
537 1125 617 1188 mihi
637 1141 680 1188 ea
697 1120 876 1187 Cardinalis
895 1119 1016 1185 cusani
1035 1130 1065 1184 ct
1080 1121 1216 1185 londoni
1232 1120 1336 1184 Bruni
1355 1121 1580 1201 speculationi·

445 1246 502 1308 tus
526 1244 683 1324 objecerat
695 1242 711 1326 h
724 1262 735 1304 ε
749 1260 798 1317 ac,
812 1242 840 1304 si
855 1249 994 1322 quatuos
1012 1240 1056 1302 ihi
1073 1240 1223 1304 latuerint
1243 1241 1394 1304 hactenus
1419 1238 1578 1312 Planstae,

443 1361 520 1444 quill
541 1362 640 1442 icitur
661 1358 822 1441 impedire,
844 1358 924 1439 quin
947 1357 1111 1420 credamus
1131 1357 1371 1420 innumerabiles
1389 1375 1485 1437 porro
1501 1357 1577 1421 alios

442 1479 567 1553 ibidem,
589 1481 645 1543 lton
666 1479 757 1542 initio
778 1477 863 1556 [acto
885 1475 1040 1539 tlctcctum
1073 1476 1138 1538 isi:
1172 1476 1307 1557 adeoque
1341 1475 1389 1538 ocl
1422 1476 1578 1540 mundum

443 1599 528 1662 hune
550 1600 655 1678 ipsunt
674 1596 845 1678 inlinitum,
868 1603 904 1657 ut
930 1591 1056 1658 hlclisso
1079 1603 1108 1656 ct
1134 1592 1349 1674 Philosophiae
1383 1595 1579 1675 acquiescas
1681 1675 1690 1690 '

443 1714 574 1778 authori
596 1709 746 1777 Gulielsno
770 1706 908 1775 Gilhcrto
931 1707 1037 1790 Anplo
1057 1709 1201 1789 placuit:
1223 1707 1271 1771 ael
1293 1717 1329 1772 ut
1351 1708 1531 1774 Democsito
1549 1720 1578 1772 et

445 1829 623 1912 Leucippo,
643 1837 673 1892 et
694 1847 737 1893 ea
759 1828 986 1892 recentioribus
1009 1824 1125 1891 Bruno
1148 1834 1178 1889 ct
1202 1826 1337 1901 Brutia,
1362 1837 1417 1891 tao
1446 1824 1583 1892 Galilaea

444 1957 473 2010 et
496 1963 564 2010 nseo
585 1947 702 2021 amica,
724 1947 844 2015 ouum,
868 1946 1008 2027 infinitos
1028 1943 1105 2008 alios
1125 1943 1258 2008 mundos
1283 1943 1299 2026 (
1308 1944 1365 2018 ael,
1384 1952 1421 2006 ut
1441 1944 1583 2016 liranus,

445 2072 546 2131 terras
555 2063 582 2148 ).
605 2064 703 2145 hujus
727 2064 831 2128 nostes·
849 2063 965 2127 similes
984 2081 1059 2127 esse.
1082 2060 1137 2127 Sic
1159 2063 1237 2126 mihi
1258 2063 1303 2126 sic
1324 2063 1370 2127 illi
1392 2064 1509 2136 cisum,
1532 2065 1585 2126 in-

443 2183 537 2246 terim
557 2181 636 2245 tium
660 2183 777 2246 lihsum
803 2179 946 2255 Galilaci
971 2191 1006 2244 ut
1030 2190 1097 2246 erat
1120 2198 1188 2262 spcs
1211 2181 1308 2261 [aeta.
1330 2181 1477 2262 cupitline
1499 2183 1584 2246 mira

443 2298 560 2379 lesenii
581 2307 792 2381 sopsctamus.
1272 2382 1274 2388 Ι

533 2416 687 2485 Primum
708 2418 869 2499 coemptor
891 2435 1042 2482 concessu
1066 2416 1208 2483 Cacsasis
1227 2419 1306 2483 mihi
1329 2419 1460 2498 conticit
1484 2418 1585 2498 inspi-

446 2551 525 2606 eem.
548 2538 729 2617 cursimque
749 2537 946 2617 pervolitans.
976 2535 1067 2601 Video
1083 2554 1205 2619 magna
1220 2537 1383 2620 longoque
1400 2537 1581 2601 admirabl-

444 2652 573 2719 lissima
595 2655 793 2735 spectacula,
817 2654 983 2735 proposita
1007 2652 1209 2736 pbilosophis
1236 2660 1269 2719 st
1302 2655 1512 2729 astronomis,
1546 2655 1580 2716 ni

444 2769 541 2850 [allos
561 2779 590 2833 et
612 2772 689 2838 inihi
699 2789 712 2844 .·
731 2773 821 2838 nilico
835 2773 879 2836 ad
897 2789 1096 2853 magnarum
1111 2773 1428 2855 contemplationum
1443 2772 1581 2836 exordia

447 2906 563 2956 omnes
587 2907 684 2959 verae
707 2891 932 2973 philosophiae
955 2891 1093 2973 cupidos
1115 2893 1305 2957 convocari.

533 3007 606 3073 lam
629 3016 698 3073 tum
720 3008 869 3087 pestishat
890 3010 968 3093 mihi
988 3009 1119 3075 animus
1142 3027 1191 3073 mc
1213 3010 1307 3074 nehus
1331 3010 1462 3092 inicere,
1484 3011 1580 3092 quip-

443 3145 482 3208 pe
500 3136 718 3208 prouocatam,
739 3133 768 3189 et
791 3127 849 3209 qui
870 3126 975 3191 eadem
997 3127 1035 3190 sle
1056 3128 1193 3192 naaria
1214 3136 1287 3192 ante
1308 3145 1411 3193 annas
1429 3145 1487 3193 seso
1501 3127 1582 3193 scri·

443 3246 598 3325 psisssm:
619 3253 792 3326 usumque,
819 3242 954 3308 Galilaea
978 3243 1191 3318 solertissime,
1212 3245 1249 3309 cle
1284 3253 1349 3310 tam
1383 3247 1580 3312 inexhaustis

447 3362 544 3426 Jonas
565 3362 734 3427 conditoris
757 3363 924 3434 thuancis,
946 3380 1085 3445 quorum
1107 3363 1183 3426 alios
1206 3372 1274 3442 post
1298 3365 1374 3427 alios
1398 3366 1486 3429 nolu
1507 3384 1583 3447 apc-
1707 3384 1709 3387 ·

449 3481 503 3556 sit,
520 3480 751 3560 iucundissimo
773 3482 952 3563 scriptionis
972 3499 1083 3561 penem
1102 3481 1255 3560 censure,
1272 3500 1365 3562 quem
1382 3484 1465 3545 enim
1481 3493 1582 3547 tacere

446 3600 560 3662 sinunt
595 3606 756 3665 tantarum
782 3617 890 3664 serum
923 3597 1068 3664 Nuneiil
1107 3596 1209 3673 (luem
1244 3616 1308 3662 non
1343 3600 1448 3679 implet
1482 3601 1582 3666 (licini

446 3716 566 3781 asnoris
588 3715 796 3788 abundantia,
819 3735 876 3797 pes
899 3717 1042 3796 linpuam
1064 3716 1276 3780 etcalamusn
1297 3733 1362 3778 sese
1388 3717 1582 3796 profundens

448 3835 673 3898 ubertissimel

537 3952 702 4021 Aluum
722 3956 867 4020 animum
889 3957 1108 4035 aucustissimi
1133 3955 1277 4020 Caesaris
1304 3955 1460 4036 llodalphi
1482 3955 1580 4035 impc-

447 4071 509 4147 ria,
530 4073 587 4152 qui
606 4089 713 4138 meum
736 4073 771 4137 tle
794 4074 853 4139 hae
876 4075 1010 4138 materia
1027 4075 1188 4155 judicium
1209 4077 1382 4155 enpetehat.
1423 4072 1467 4136 lic
1509 4069 1584 4133 Wa-

446 4186 572 4253 etherio
593 4208 668 4254 oeso
689 4191 767 4273 quill
787 4190 918 4257 licam?
940 4189 992 4256 Aa
1014 4210 1109 4274 quem
1131 4203 1166 4258 ut
1189 4194 1262 4257 oeni
1284 4194 1354 4256 sine
1372 4193 1463 4267 libro,
1480 4191 1586 4254 lectio-

445 4321 518 4371 nssn
540 4313 647 4374 latam
668 4307 736 4388 sias
759 4312 931 4392 pensemus,
945 4312 981 4375 in
999 4312 1104 4376 nisum
1125 4312 1202 4374 mihi
1224 4313 1371 4377 matun
1392 4313 1487 4374 ctiam
1510 4309 1584 4389 suit:

446 4422 582 4507 miano
599 4426 695 4508 plane
715 4430 899 4495 conclusum
923 4437 959 4493 ut
982 4432 1018 4494 iss
1035 4431 1094 4495 hac
1109 4432 1243 4494 materia
1258 4448 1324 4493 non
1342 4429 1498 4512 diffusam
1514 4427 1582 4511 teri

446 4560 546 4624 quam
568 4543 805 4613 disertissimus.

540 4659 627 4725 Dum
649 4662 771 4747 aliquid
791 4665 944 4752 auditore
967 4665 1197 4746 superveniunt
1220 4663 1327 4728 literae
1350 4673 1424 4727 tuac
1446 4663 1488 4728 acl
1511 4661 1585 4727 illssc

446 4780 550 4844 strias.
576 4779 690 4862 Maeni
712 4781 888 4851 Hetrusiac
911 4781 1011 4850 Ducis
1046 4780 1209 4863 locatum,
1242 4781 1351 4863 plcnas
1386 4782 1434 4845 tui
1467 4782 1502 4846 in
1536 4799 1585 4845 ne
