4109 5934
801 758 952 807 srosoors
975 757 1034 807 eno
1057 755 1199 806 saetoso
1509 742 1573 808 509

442 896 477 959 in
502 894 639 975 Appoeo.
664 890 709 955 Bt
732 909 798 962 nos,
822 894 867 953 ita
885 891 1034 961 euenisse.
1058 907 1098 953 ea
1121 889 1394 954 euoentsioitatum
1416 897 1445 953 et
1460 894 1572 972 aequi·

444 1015 621 1080 aaoliorum
644 1021 673 1074 et
695 1009 885 1092 obliquitatis
910 1018 939 1072 et
962 1024 1150 1089 opapeorum
1173 1016 1249 1071 tuna
1276 1008 1403 1089 inceptis
1422 1011 1573 1074 mulatio-

445 1133 549 1209 nibus,
571 1140 601 1195 st
616 1147 703 1197 nuno
727 1127 850 1194 tandem
870 1126 1045 1206 patefactis,
1064 1126 1269 1206 probaoimas
1292 1126 1327 1188 ia
1343 1127 1573 1207 prophetalibus

446 1249 570 1315 nostris.
592 1244 637 1312 Et
659 1246 697 1313 ‹le
717 1245 823 1324 laturi
844 1245 996 1311 aduentus
1019 1243 1132 1322 sionis,
1156 1243 1191 1305 in
1214 1243 1274 1306 sola
1295 1251 1324 1306 et
1348 1243 1427 1308 luna
1448 1250 1478 1306 et
1500 1243 1574 1308 stet·

445 1367 479 1430 lis
492 1413 501 1439 ‚
516 1365 637 1429 olorum
652 1372 696 1428 est
712 1361 933 1441 Booapelium,
950 1359 1027 1424 Luc.
1040 1361 1126 1428 XXI.
1150 1359 1195 1424 Et
1218 1361 1295 1441 puio
1312 1361 1355 1424 ael
1370 1378 1436 1424 aas
1458 1378 1572 1426 causas

446 1489 634 1563 estorqmm
655 1481 827 1547 astronomi
848 1489 961 1542 ueteres
983 1480 1044 1542 ista
1067 1480 1169 1562 siqua,
1186 1487 1226 1552 et,
1242 1489 1277 1542 ut
1291 1481 1493 1560 propbetarat
1509 1478 1572 1542 Pe·

449 1609 517 1664 trus
547 1598 721 1680 apostolus.
758 1595 863 1678 Epist.
889 1597 930 1668 ΙΙ,
953 1616 1020 1678 cop.
1046 1598 1076 1670 3,
1100 1597 1184 1678 quob
1204 1597 1266 1662 oiri
1289 1597 1456 1672 illusores,
1474 1599 1583 1679 iuxta*

447 1715 596 1796 proprios
629 1714 911 1796 oooaupisoentias
945 1711 1153 1779 ambulantes
1188 1713 1296 1777 diasat
1321 1712 1357 1776 in
1384 1712 1573 1777 novissimis

448 1831 465 1914 (
473 1850 547 1899 oum
568 1831 770 1899 Aristotelials
786 1841 815 1896 at
831 1829 1086 1897 Maoblaoellistis
1097 1830 1128 1914 ):
1157 1831 1219 1896 Ubi
1241 1835 1291 1896 est
1314 1830 1490 1912 promissio
1514 1836 1574 1894 aut

450 1952 611 2017 adrentus
632 1951 724 2034 ejosl
746 1951 798 2016 Ex
820 1968 886 2032 quo
907 1952 997 2019 enirn
1020 1956 1129 2032 patres
1148 1949 1366 2024 dormierunt,
1388 1950 1501 2014 omnia
1526 1950 1574 2014 sio

449 2072 659 2149 perseverant
680 2068 723 2133 ab
744 2066 841 2130 initio
863 2072 1052 2133 creaturae:
1077 2076 1189 2132 eontra
1212 2067 1266 2131 bos
1284 2085 1339 2144 epo
1355 2065 1491 2137 ostendo,
1507 2082 1572 2130 non

443 2204 643 2267 pomeretam
665 2187 747 2251 siout
769 2185 809 2250 ab
831 2185 938 2259 initio,
961 2185 1015 2251 sul
1048 2184 1154 2250 abesse
1187 2185 1280 2263 apua
1303 2185 1338 2247 in
1361 2184 1422 2248 sole
1445 2193 1473 2247 et
1497 2184 1576 2249 luna

446 2314 474 2369 st
490 2305 594 2371 stellis.
623 2302 713 2380 Quae
735 2315 765 2369 ot
787 2323 847 2370 suo
869 2304 999 2386 tempori
1016 2306 1166 2385 proxima
1183 2321 1257 2377 esse,
1269 2321 1328 2385 per
1343 2303 1501 2384 plisieuns
1516 2319 1575 2366 ar·

445 2431 653 2504 permantum.
680 2440 721 2488 sao
749 2422 937 2502 inferiorum
963 2422 1201 2492 immutatione,
1225 2418 1261 2483 S.
1285 2417 1459 2501 Grsporius
1482 2437 1575 2501 saper

445 2537 523 2604 Luo.
550 2540 641 2612 xxl,
663 2549 744 2605 reate
764 2541 918 2620 probarit.
946 2535 1146 2621 Quapropter
1167 2541 1224 2621 qui
1244 2539 1460 2619 brabantiam,
1480 2554 1575 2619 super

446 2657 620 2724 sabbatium
641 2659 829 2723 mutationes
848 2665 877 2721 et
891 2658 1050 2730 ueritates,
1067 2656 1243 2736 probibent,
1259 2655 1292 2718 lli
1306 2653 1427 2729 nolunt,
1449 2663 1486 2717 ut
1508 2653 1571 2717 aies

447 2769 519 2847 Dei,
538 2772 619 2837 siout
632 2771 688 2851 sus
702 2773 739 2836 in
761 2781 864 2848 naats.
888 2791 943 2838 nos
966 2770 1215 2853 comprehendat,
1237 2773 1319 2837 siaul
1342 2779 1479 2836 caeteros
1496 2771 1574 2854 filias

450 2887 669 2963 tenebratum,
691 2894 728 2953 ut
751 2884 786 2952 S.
812 2887 954 2962 Paulus,
976 2889 991 2953 l
1017 2885 1123 2952 rsus.
1147 2889 1180 2963 b,
1202 2886 1320 2960 matut,
1343 2896 1374 2951 ot
1395 2896 1498 2953 monet
1538 2897 1574 2953 ut

447 3003 622 3086 aiailemus,
640 3023 699 3070 neo
720 3005 818 3071 timus
838 3007 937 3071 nactis
960 3006 1023 3089 filii.
1054 3005 1165 3086 Vipilat
1186 3015 1303 3079 autam,
1321 3007 1377 3087 pui
1392 3006 1468 3071 slata
1482 3007 1576 3085 sipna

446 3124 481 3187 in
496 3122 557 3187 solo
571 3130 603 3186 et
620 3122 699 3188 luna
713 3132 744 3187 at
758 3124 851 3188 stellis
866 3122 1111 3205 contemplatur,-
1125 3142 1189 3191 aon
1207 3125 1352 3206 quisunt
1366 3124 1446 3188 siout
1462 3121 1575 3186 Junlaoi

445 3239 518 3305 olim
541 3241 653 3321 spretis
675 3241 774 3321 sionis
797 3241 833 3305 de
855 3240 943 3306 stello
965 3239 1101 3306 Balaam
1123 3242 1291 3305 insidentes
1313 3243 1347 3304 ia
1372 3241 1502 3322 lapidem
1524 3241 1575 3321 os·

445 3357 602 3437 [emunit.
625 3367 662 3423 ut
685 3359 886 3439 Aupustinus
905 3368 1018 3424 monet.
1038 3358 1128 3440 Erpo
1144 3360 1226 3423 siam
1241 3358 1394 3442 Apostolis
1411 3378 1486 3441 prae
1502 3378 1574 3426 oae-

447 3476 521 3540 tert't
543 3474 696 3541 oredimus
720 3477 755 3538 in
778 3473 970 3556 Scriptura,
993 3485 1129 3541 naturae
1153 3475 1231 3541 libro
1250 3477 1374 3556 primo,
1399 3478 1446 3540 ita
1469 3475 1575 3540 Dauid
1679 3487 1682 3490 ’

445 3600 608 3672 propterea
630 3593 666 3658 tlt
682 3594 729 3658 bis
748 3593 845 3658 dixit:
864 3595 901 3659 ln
915 3611 1048 3659 omnam
1064 3599 1186 3658 terram
1202 3594 1308 3657 exivit
1328 3610 1427 3657 sonus
1442 3611 1573 3669 eorum;

445 3712 479 3773 et
500 3725 567 3773 non
580 3715 658 3775 sunt
676 3710 826 3791 loquelae
853 3721 922 3786 eto,
944 3719 974 3776 et
996 3711 1120 3778 Paulus
1143 3712 1225 3776 istem
1247 3711 1283 3775 olo
1307 3711 1463 3793 Apostolis
1485 3731 1575 3794 repe-

447 3827 492 3899 tit,
516 3823 605 3893 llom.
625 3830 663 3894 V.
690 3827 886 3897 Consortlant
911 3835 996 3897 enim
1018 3832 1135 3897 codices
1160 3830 1220 3896 oet
1238 3833 1362 3915 ulriqas
1378 3831 1458 3895 alter
1474 3831 1573 3897 alteri.

756 4026 915 4074 euoenon
938 4028 1085 4076 ASSERTlO
1108 4029 1254 4076 sucum.

511 4181 659 4250 Nondum
676 4187 716 4249 ab
733 4186 839 4269 aliquo
856 4188 1110 4270 pbilosophorum
1132 4199 1188 4252 aut
1207 4188 1416 4270 tluoloposum
1433 4186 1509 4251 satis
1524 4185 1574 4249 tli-

442 4317 513 4380 pna,
534 4310 591 4366 aul
605 4313 685 4368 certe
706 4307 793 4381 satis,
816 4306 851 4370 ae
875 4307 1029 4371 coelorum
1045 4308 1182 4381 naturis,
1204 4305 1324 4381 ardiae,
1346 4309 1421 4382 situ,
1444 4305 1574 4387 quonti-

444 4427 521 4494 tata,
544 4430 645 4496 motu.
669 4434 698 4488 et
720 4426 1042 4520 oonflpuratiom'bus,
1064 4426 1160 4507 sieque
1183 4427 1325 4490 uniuersi
1342 4425 1573 4492 construetione

443 4535 562 4603 (ilatum
584 4557 663 4616 etse,
686 4545 748 4607 imo
770 4559 826 4606 nee
849 4551 957 4607 eoacti
980 4543 1042 4607 bisi
1059 4561 1165 4625 posse,
1186 4544 1339 4624 probatur
1361 4562 1402 4609 ea
1423 4542 1574 4625 Scriptu-

444 4656 490 4719 ris
511 4654 630 4732 Souis,
650 4678 688 4725 ao
708 4661 886 4726 diversitate
906 4662 1121 4756 bppotbest'um
1136 4665 1217 4726 inter
1230 4665 1392 4744 sapientes.
1410 4660 1455 4727 lit
1470 4662 1574 4743 priato

443 4769 510 4835 lob.
536 4773 711 4853 xxxviii,
735 4777 864 4844 dicitur.-
887 4777 1044 4858 Nuoquid
1063 4780 1148 4842 nosti
1171 4779 1319 4845 ordinem
1342 4781 1437 4857 uteli,
1459 4788 1491 4846 et
1515 4800 1574 4863 po-
