4109 5934
710 729 862 777 sooooais
888 731 947 777 ono
976 730 1119 779 osenna
1421 722 1483 787 551

352 859 405 923 sea
425 867 535 924 contra
558 855 758 924 Aristotelem
779 861 835 924 teoc
857 860 978 940 coprem.
1006 860 1087 926 ittuei
1101 863 1198 927 etiam
1214 864 1250 927 de
1264 866 1409 945 pluribus
1425 869 1487 932 ieo-

352 977 474 1041 minum
495 976 663 1057 speciebus,
685 985 714 1040 et
736 978 820 1058 quod
844 975 988 1043 Christus
1009 981 1053 1043 sit
1074 980 1148 1043 aiiii
1166 990 1320 1057 mortuus,
1347 1002 1411 1049 non
1434 1004 1484 1050 se-

352 1095 462 1176 putor
483 1111 524 1158 ecc
547 1094 635 1158 dictis
661 1091 815 1172 Gattaei,
838 1113 894 1160 nec
915 1096 997 1160 ootet
1019 1100 1241 1180 consequentia
1262 1109 1374 1167 contra
1395 1104 1482 1168 otios.

351 1210 424 1276 Non
440 1213 523 1274 cuim
544 1230 653 1276 oerum
676 1221 729 1285 est,
754 1212 837 1296 quod
858 1214 899 1277 sit
923 1223 1068 1279 mortuus
1086 1215 1121 1278 in
1138 1216 1236 1280 attero
1251 1219 1485 1300 hemisphaerio,

352 1329 435 1412 quoa
451 1340 579 1412 propter
601 1332 656 1396 isac
679 1341 902 1412 arcumentum
922 1341 1030 1396 estare
1048 1335 1260 1412 nepotatura
1277 1336 1381 1401 mattis
1399 1339 1485 1402 tneo·

352 1448 438 1529 iopis,
463 1451 557 1513 etiam
578 1450 620 1513 ab
641 1449 834 1531 Aupustino,
858 1460 969 1516 contra
991 1469 1090 1534 quom
1112 1454 1303 1534 experientia
1327 1455 1414 1520 nodie
1433 1476 1484 1520 os·

353 1564 459 1628 tendit.
488 1564 551 1630 Nee
579 1568 733 1640 nomines,
760 1569 788 1632 si
811 1570 989 1649 quiessent
1012 1571 1047 1632 in
1071 1569 1141 1635 otiis
1164 1572 1339 1648 sideriten,
1359 1583 1486 1654 peccota

352 1680 453 1760 Atiae,
474 1701 496 1747 a
517 1703 580 1767 pua
602 1704 666 1750 noa
689 1687 804 1750 tabent
827 1686 991 1768 aripinem,
1013 1690 1135 1771 inspecti,
1157 1698 1193 1752 ut
1208 1691 1418 1772 redemptione
1434 1694 1486 1755 in·

354 1801 490 1883 diccunt,
510 1803 608 1884 [uisse
629 1812 771 1884 possunt,
795 1804 856 1867 nisi
879 1805 940 1869 otio
958 1815 1087 1885 peccato
1110 1805 1267 1878 taberent:
1290 1809 1372 1873 umis
1395 1827 1488 1890 cape·

353 1938 461 1986 remue
481 1938 634 2002 eaponere
662 1921 740 1985 ittuei
761 1920 877 2003 Epnes.
905 1924 919 1987 1
950 1931 980 1986 et
1015 1920 1129 1987 Cotoss.
1152 1926 1187 1999 1,
1212 1926 1430 1990 reconcilians
1453 1928 1488 1990 in

343 2023 513 2121 'sanguino
535 2056 610 2111 suo,
635 2039 706 2104 sive
728 2055 814 2120 quaa
835 2041 871 2103 in
893 2040 1008 2112 coelis,
1032 2041 1103 2104 siva
1125 2058 1210 2122 quae
1233 2043 1268 2106 in
1292 2044 1407 2118 torris,
1429 2054 1486 2109 etc.

353 2154 416 2222 Sed
433 2158 507 2222 naec
530 2158 738 2237 ipsoramusc
760 2155 828 2220 ideo
849 2166 969 2222 stamus
993 2159 1028 2220 ia
1050 2159 1186 2241 antiqua
1203 2162 1396 2241 expositione
1415 2163 1483 2229 Pa-

356 2283 451 2338 trum.
475 2270 518 2335 Ae
540 2290 614 2338 aero
638 2269 805 2346 contuens,
829 2273 864 2336 in
885 2273 1078 2354 epistolicae
1092 2275 1246 2339 saturione
1263 2277 1404 2354 maculis,
1426 2298 1484 2344 ea-

352 2406 455 2472 presse
478 2397 584 2470 nepot,
606 2389 744 2454 nomines
767 2390 802 2453 ia
822 2388 917 2453 stetit
938 2390 1009 2454 otiis
1032 2407 1095 2455 esse
1113 2410 1214 2472 posse,
1236 2391 1253 2476 (
1261 2395 1344 2476 quod
1367 2414 1422 2461 nos
1445 2399 1481 2461 in

357 2508 589 2590 quaestionibus
612 2515 797 2589 arpumento
823 2509 954 2590 papstco
985 2511 1300 2597 comprobavimus),
1323 2514 1376 2578 sea
1394 2533 1482 2596 posse

356 2626 444 2690 entia
465 2625 508 2688 iti
529 2642 593 2689 esse
615 2612 744 2691 atterius
768 2635 925 2703 naturae,
952 2629 1066 2692 nostris
1092 2630 1228 2710 anatopa
1249 2633 1393 2704 entibus,
1418 2653 1483 2699 non

357 2745 516 2816 univocae
536 2744 685 2826 quioquid
707 2744 886 2811 coiiuciendo
908 2754 937 2810 et
952 2746 1058 2827 jocose
1072 2744 1222 2827 Keplerus
1241 2749 1276 2810 in
1293 2748 1486 2815 dissertatio-

363 2863 454 2925 nibus
479 2861 576 2937 dieat,
597 2879 638 2925 en
658 2863 816 2944 ippottsesi
839 2873 974 2929 tontum.

442 2986 612 3053 Praeterea
625 2987 653 3050 si
665 2985 783 3068 swam
796 2993 840 3050 est
858 2986 913 3049 isac
929 2985 967 3049 ‹ie
978 2987 1122 3067 pluribus
1145 2987 1282 3063 munau,
1308 2984 1484 3051 Gatiiaeum

355 3124 418 3170 aon
440 3108 563 3188 tonpite
588 3107 699 3189 quippe
720 3106 775 3187 aui
798 3122 863 3169 noa
884 3104 989 3185 piures
1011 3105 1166 3180 mundos,
1189 3104 1241 3168 sed
1260 3104 1357 3186 ptura
1378 3113 1487 3187 speie-2

355 3233 441 3289 mota
462 3226 497 3287 in
519 3225 575 3288 noc
598 3223 726 3297 mundo,
746 3240 851 3295 sensu,
868 3240 931 3286 non
950 3224 1184 3304 imopiaatione‚
1198 3222 1321 3304 detepit,
1335 3223 1491 3287 manua

354 3341 397 3405 aa
418 3358 528 3404 unam.
555 3339 641 3405 Unde
663 3348 760 3405 cessat
782 3341 866 3404 ratio
888 3339 1065 3404 Aristotelis
1088 3341 1123 3403 in
1146 3342 1206 3406 ΧΠ
1227 3341 1484 3424 metaphysicis

355 3459 500 3539 pluribus
520 3459 632 3540 primis
654 3459 835 3522 maioribus.
863 3455 908 3520 Et
930 3457 1099 3522 cardinatis
1117 3459 1264 3523 Cusanus
1287 3469 1315 3523 et
1337 3458 1485 3541 Κῳίονω
1571 3495 1572 3499 =

355 3583 385 3637 et
407 3572 548 3639 Nolanus
571 3584 599 3638 et
621 3576 676 3638 otii
698 3574 805 3639 diaere
827 3574 907 3637 idem
920 3584 994 3638 ante
1014 3570 1198 3637 Gaiitoeum.
1219 3573 1282 3637 Nec
1302 3578 1377 3655 quia
1392 3574 1483 3640 Sori-
1572 3606 1575 3611 ⁴

354 3703 451 3775 ptura
474 3693 532 3758 Dei
553 3696 608 3759 isac
632 3703 720 3768 tacet,
739 3706 906 3776 propterea
928 3711 991 3758 non
1014 3702 1060 3756 est
1083 3711 1219 3757 oemm:
1241 3694 1326 3757 iocus
1345 3696 1428 3758 enim
1445 3697 1485 3758 at

356 3816 529 3878 autoritate
546 3815 721 3894 nepotious
744 3823 789 3876 est
810 3814 910 3894 [aion
934 3818 968 3875 in
993 3813 1160 3877 dialectiea.
1184 3810 1248 3878 Nec
1271 3814 1354 3875 enim
1377 3812 1413 3874 oe
1435 3812 1484 3875 at-

356 3941 423 3994 tero
455 3931 677 4013 hemisphaerio
710 3930 870 4012 quippiam
903 3929 1012 4001 aicit,-
1045 3946 1159 4009 erpone
1189 3935 1294 3992 aatem
1313 3928 1484 3992 sentiemus
1544 3953 1546 3957 ⁴

354 4066 428 4111 cum
441 4049 587 4125 attentis,
610 4050 665 4131 qui
685 4058 810 4130 propter
832 4049 887 4111 ieoc
912 4058 1136 4128 arpnmeatum
1157 4033 1364 4110 condemnant
1388 4042 1484 4125 orop-

291 4170 293 4181 '
354 4183 420 4241 sen,
444 4165 578 4230 minitas
601 4166 799 4246 antipodious
824 4164 999 4246 loquutum,
1021 4167 1166 4247 quamvis
1186 4163 1401 4244 Aupustinum
1423 4165 1482 4227 na-

356 4283 448 4349 beont
464 4293 590 4368 propter
613 4287 668 4349 tsoc
690 4283 775 4366 quod
797 4281 919 4366 Moyses
942 4284 977 4347 eie
999 4283 1059 4346 ittis
1084 4301 1148 4348 non
1171 4290 1214 4346 est
1238 4281 1396 4362 toquutus‚
1419 4298 1482 4344 an·

356 4402 474 4484 modat
497 4403 682 4486 nspoatem?
705 4401 849 4484 Profecto
877 4421 914 4467 ea
940 4403 1064 4467 ratione
1091 4400 1228 4464 dicemus
1251 4416 1323 4462 eum
1346 4397 1485 4463 lautiora

355 4538 478 4604 auoque
500 4541 565 4589 non
586 4524 683 4605 [uisu
707 4539 849 4603 unquam
872 4520 1004 4585 Petrum
1036 4518 1171 4591 mosae,
1205 4527 1367 4600 propterea
1398 4517 1482 4599 quod

355 4635 457 4706 Lasos
479 4643 513 4704 in
536 4644 613 4706 actis
637 4641 750 4706 oenoe
774 4641 958 4703 mentionem
982 4657 1046 4703 non
1069 4639 1188 4719 fecerit.
1223 4636 1351 4700 Valeant
1381 4654 1485 4717 aupa-

358 4764 436 4822 tores
458 4760 572 4824 insuisi
595 4761 779 4842 indoctique.
799 4756 1001 4841 Quantopere
1021 4760 1136 4822 insano
1153 4756 1315 4819 Paracetsi
1332 4757 1485 4820 sententia
