4109 5934
442 739 485 804 62
795 753 1046 800 omavvavvovss
1067 755 1117 800 arv.
1145 738 1229 802 1610

439 888 703 954 animadversione
725 886 817 969 digna
842 889 1060 967 pronunciare.
1079 888 1124 949 dc
1146 888 1262 967 primo,
1283 906 1356 950 cnm
1377 887 1486 951 lovem
1508 893 1609 952 consi-

443 990 568 1052 milibus
587 987 759 1051 interstitiis
778 987 870 1049 modo
885 992 1129 1066 consequantur,
1150 986 1242 1051 modo
1264 992 1425 1066 praeeant,
1448 987 1488 1048 ab
1509 1007 1609 1067 eoque

441 1099 506 1150 tum
528 1106 632 1150 versus
653 1094 768 1158 ortum,
790 1092 854 1149 tum
876 1088 908 1148 in
935 1103 1079 1149 oceasum
1100 1087 1328 1165 angustissimis
1347 1092 1470 1149 tantum
1493 1090 1607 1151 divari-

441 1191 612 1253 cationibus
626 1190 823 1269 elongentur,
838 1187 1032 1266 eundemque
1045 1187 1260 1265 retrogradum
1278 1188 1407 1266 pariter,
1423 1195 1520 1267 atque
1531 1191 1609 1251 dire-

443 1303 526 1357 ctum
544 1296 799 1367 concomitentur,
820 1294 896 1372 quin
923 1292 1005 1353 circa
1035 1292 1125 1352 illum
1147 1308 1219 1352 suas
1246 1292 1410 1354 conficiant
1431 1296 1608 1356 conversio

443 1411 513 1467 aes,
534 1394 650 1455 interea
671 1392 744 1455 dum
761 1393 844 1454 eirca
865 1391 971 1454 mundi
993 1394 1133 1453 centrum
1156 1401 1263 1452 omnes
1279 1408 1341 1452 una
1362 1391 1608 1453 duodecennales

441 1495 582 1575 periodos
603 1493 775 1563 absolvant,
792 1491 907 1553 nemini
926 1489 1054 1553 dubium
1070 1506 1138 1551 esso
1158 1494 1264 1568 potest
1280 1488 1513 1552 Convertuntur
1526 1493 1608 1554 insu·

443 1614 496 1675 per
511 1596 542 1656 in
562 1594 687 1656 circulis
702 1592 931 1671 inaequalibus,
948 1590 1030 1669 quod
1046 1588 1206 1652 manifeste
1218 1591 1374 1671 colligitur
1393 1610 1433 1652 ev
1455 1610 1510 1665 eo,
1525 1595 1604 1672 qnod

443 1697 474 1756 in
495 1694 662 1774 majoribus
683 1712 701 1753 a
723 1692 797 1752 Jove
823 1690 1065 1770 digressionibus
1088 1708 1248 1768 nunqnam
1269 1691 1357 1752 binos
1378 1690 1522 1755 Planetas
1538 1694 1606 1773 jun·

443 1798 506 1855 etos
526 1794 629 1854 videre
644 1793 749 1863 licuit;
768 1808 838 1852 cum
854 1796 957 1868 tamen
979 1807 1074 1868 prope
1088 1789 1194 1850 lovem
1213 1791 1290 1864 dun,
1312 1797 1390 1863 tres,
1403 1798 1432 1852 et
1451 1793 1604 1855 interdum

442 1912 549 1958 omues
569 1892 663 1954 simul
684 1890 846 1978 minstipati
873 1890 985 1968 reperti
1006 1891 1077 1952 sint.
1096 1889 1341 1968 beprmenuitnr
1361 1891 1505 1970 insuper,
1527 1894 1605 1954 velo

442 1995 542 2056 ciores
561 2009 628 2054 esse
648 1991 863 2053 conversiones
883 1988 1080 2052 Planelarum
1103 1991 1295 2071 angustiores
1315 1991 1399 2053 circa
1419 1990 1530 2055 lovem
1550 1994 1606 2056 cir·

443 2095 530 2155 culos
563 2091 821 2165 describentium
856 2091 1094 2170 propinquiores
1127 2093 1210 2154 enim
1241 2091 1306 2153 lovi
1338 2091 1452 2155 Stellae
1483 2096 1604 2175 saepius

444 2197 619 2274 spectantur
647 2193 828 2264 orientales,
855 2210 927 2254 cum
960 2193 1060 2271 pridie
1092 2211 1130 2254 ex
1151 2211 1264 2255 occasu
1291 2194 1509 2273 apparuerint,
1540 2202 1603 2256 ete

444 2287 565 2360 contra:
587 2301 618 2358 at
634 2295 758 2359 Planeta
773 2294 944 2357 maximum
966 2311 1131 2373 permeans
1152 2294 1257 2354 orbem
1273 2300 1415 2355 accurate
1436 2295 1603 2372 praeadno

442 2403 521 2462 tatas
540 2399 729 2461 reversiones
750 2397 962 2479 perpendenti,
988 2395 1196 2458 restitutiones
1216 2395 1469 2457 semimenstruas
1489 2396 1600 2457 babere

445 2496 572 2559 videtur.
588 2494 746 2557 Eximium
766 2499 935 2573 praeterea,
947 2494 1205 2573 praeclarumque
1217 2492 1367 2580 babemus
1383 2501 1599 2575 argumentum

446 2613 503 2676 pro
523 2595 669 2674 scrupulo
690 2595 728 2656 ab
745 2594 807 2655 illis
828 2593 993 2666 demendo,
1009 2597 1063 2672 qui
1083 2597 1116 2656 in
1136 2594 1292 2656 sistemate
1307 2592 1520 2674 Copemicano
1535 2615 1603 2660 oon

447 2696 615 2757 versionem
648 2694 843 2755 Plancianum
864 2695 946 2756 cirea
977 2693 1079 2755 Solem
1102 2712 1200 2772 aeque
1227 2695 1331 2756 animo
1364 2694 1507 2770 serentes,
1528 2697 1603 2759 adeo

447 2794 664 2872 perturbantur
685 2796 723 2856 ab
743 2795 836 2856 nnius
857 2793 962 2856 Lunae
983 2795 1066 2857 cirea
1088 2796 1218 2857 Terram
1240 2797 1375 2869 latione,
1392 2797 1510 2859 interea
1530 2798 1604 2858 dnm

446 2893 537 2956 ambo
549 2912 687 2958 annuum
701 2896 807 2956 orbem
821 2896 905 2958 eirca
918 2896 1019 2960 Solem
1037 2896 1217 2965 absolvunt,
1236 2903 1270 2958 nt
1284 2897 1364 2959 banc
1381 2897 1515 2960 universi
1529 2915 1602 2959 con·

446 2995 631 3059 stitutionem
658 3001 816 3074 tamquam
837 2996 1062 3076 impossibilem
1088 2996 1285 3060 evertendam
1306 3013 1374 3059 esse
1400 2997 1604 3068 arbitreutnr;

446 3114 528 3160 nunc
548 3098 631 3159 enim
653 3097 765 3158 nedum
782 3096 938 3159 Planetam
961 3116 1059 3159 unum
1079 3099 1163 3160 circa
1184 3099 1282 3160 elium
1299 3097 1530 3160 convertibilem
1552 3097 1605 3160 ba·

446 3199 564 3274 berum,
580 3200 655 3262 dum
671 3200 764 3261 ambo
778 3218 925 3280 magnum
939 3202 1022 3262 eirca
1040 3200 1142 3263 Solem
1156 3201 1347 3280 perlustrant
1359 3199 1482 3273 orbem,
1498 3212 1606 3261 verum

445 3305 577 3377 quatuor
596 3299 818 3372 circatorem,
840 3303 936 3364 instar
956 3302 1064 3363 Lunae
1083 3303 1167 3364 circa
1185 3302 1361 3374 Tellurem,
1391 3318 1500 3363 sensus
1519 3301 1607 3361 nobis

317 3422 323 3432 ·
445 3404 587 3478 vagantes
608 3401 695 3464 offert
716 3400 841 3475 Stellas,
861 3403 936 3466 dum
960 3421 1067 3464 omnes
1088 3402 1182 3463 simul
1203 3419 1273 3463 cum
1295 3401 1369 3462 Jove
1391 3401 1429 3462 12
1451 3418 1605 3463 annornm

447 3499 546 3575 spatio
567 3519 712 3579 magnum
734 3503 815 3564 eirca
830 3502 931 3563 Solem
950 3509 1113 3581 permeant
1128 3502 1244 3563 orbem.
1260 3500 1522 3564 Praetereundum
1542 3506 1608 3563 tan

448 3595 516 3657 dem
537 3608 675 3674 nonest,
696 3619 831 3679 quanam
857 3602 976 3663 ratione
996 3601 1168 3680 contingat,
1191 3605 1222 3659 ut
1243 3598 1380 3659 bledicea
1401 3598 1510 3660 Sidera
1531 3599 1606 3661 dnm

447 3699 677 3775 angustissimas
697 3703 779 3764 circe
806 3701 912 3764 lovem
933 3703 1099 3764 rotationes
1121 3701 1296 3774 absolvunt,
1319 3701 1491 3779 semetipsis
1515 3701 1608 3762 inter·

445 3795 519 3858 dum
531 3797 694 3877 plusquam
705 3801 800 3880 duplo
812 3802 930 3881 majora
942 3820 997 3865 sen
1011 3804 1132 3866 minora
1145 3803 1314 3866 videantur.
1325 3801 1459 3865 Causam
1470 3803 1505 3864 iu
1515 3821 1608 3882 vapo

445 3896 532 3960 ribus
546 3899 673 3961 terrenis
688 3900 814 3962 minime
825 3918 975 3979 quaerere
986 3918 1168 3979 pessumum
1181 3907 1330 3980 apparent
1343 3901 1426 3963 enim
1440 3908 1542 3977 aucta,
1552 3919 1608 3964 sen

445 3999 578 4072 minuta,
599 3999 673 4060 dum
686 3998 769 4063 Jovis
790 4007 819 4062 et
830 4002 1078 4080 propinquarum
1099 4001 1231 4064 lixarum
1249 4003 1345 4065 moles
1359 4002 1404 4064 nil
1425 4004 1607 4067 immutatae

445 4105 623 4162 cernuntur.
644 4101 796 4161 Accedere
818 4093 919 4163 autem
941 4103 1025 4174 illos,
1048 4103 1184 4181 adeoque
1206 4122 1223 4164 a
1246 4104 1342 4163 Terra
1364 4103 1501 4182 elongari
1523 4105 1607 4165 circa

445 4219 520 4262 suae
539 4201 746 4263 conversionis
773 4200 945 4278 perigeum,
968 4206 1021 4262 aut
1045 4219 1211 4281 apogeum,
1240 4208 1274 4263 ut
1304 4206 1406 4263 tantae
1427 4201 1606 4264 mutationis

435 4297 571 4363 'causam
584 4300 807 4372 nanciscantur,
821 4301 946 4364 omnino
963 4301 1150 4381 inopinabile
1166 4302 1299 4373 videtum
1317 4319 1390 4362 nam
1404 4306 1491 4362 arcta
1506 4302 1607 4364 circn-

447 4401 522 4461 laris
540 4403 612 4463 latin
627 4403 657 4464 id
678 4403 763 4463 nulla
784 4403 903 4464 ratione
924 4409 1080 4483 praestare
1099 4404 1195 4479 valet;
1217 4404 1314 4466 ovalis
1330 4419 1402 4463 vero
1413 4406 1515 4464 motus
1531 4400 1605 4484 (qui

447 4500 479 4560 in
500 4501 558 4562 boc
577 4520 651 4565 casu
672 4511 773 4567 rectus
795 4502 857 4566 tere
876 4504 973 4584 esset)
995 4505 1209 4586 inopinabilis,
1231 4509 1262 4564 et
1292 4503 1330 4562 iis
1356 4519 1438 4581 quae
1458 4505 1607 4581 apparent

448 4598 534 4661 nulla
551 4602 667 4664 ratione
682 4623 833 4670 consonus
855 4625 920 4672 osso
941 4608 1070 4670 videtur.
1083 4607 1172 4679 Quod
1195 4605 1252 4665 bae
1274 4604 1304 4664 in
1327 4623 1361 4666 re
1377 4605 1545 4678 succurrit,
1557 4603 1607 4665 ln·

447 4698 521 4760 bens
535 4699 672 4778 protero,
685 4723 720 4765 ac
732 4713 813 4770 recte
827 4708 1111 4789 philosophantium
1121 4705 1256 4788 judicio,
1268 4724 1478 4786 censuraeque
1489 4705 1607 4769 exibeo.

967 4858 1089 4881 ue>-
