4109 5934
438 739 504 806 tls
849 742 1004 798 snnnnato
1027 747 1160 795 usstass

441 889 507 961 tia,
531 886 596 966 tere
620 882 722 945 stellae
744 883 878 963 patentis
901 897 976 961 pars
998 897 1123 959 parua,
1145 879 1224 959 torte
1248 881 1360 959 quinta
1391 887 1450 940 aut
1475 888 1575 941 sexta.

440 1008 572 1071 Praesto
593 1004 713 1086 suerint
734 1003 847 1083 reliqui
862 1001 925 1064 buo
942 1019 986 1063 au
1002 984 1081 1073 non,
1101 999 1186 1063 baua
1201 1007 1333 1062 constat.
1353 997 1474 1062 Nubila
1492 1001 1576 1061 enim

440 1127 626 1192 creberrima
651 1124 822 1187 turbarunt
846 1121 1090 1202 inquisitionem.

533 1240 590 1304 Die
613 1241 633 1304 5
656 1237 844 1319 Septembris
873 1254 986 1308 mane,
1022 1252 1108 1299 unns
1142 1223 1248 1300 'olam
1282 1236 1401 1300 satelles
1426 1235 1513 1300 lonis
1536 1235 1578 1299 att

441 1363 589 1424 orientem
612 1360 702 1422 tertia
727 1366 817 1438 parte
840 1355 1053 1428 instrumenti,
1077 1355 1155 1417 nulli
1175 1363 1337 1436 praetereo
1357 1354 1442 1418 ooela
1465 1354 1576 1418 amris·

442 1482 530 1552 simo,
551 1477 690 1556 suljom
713 1475 848 1538 multum
864 1472 1014 1537 attinenti
1037 1472 1076 1536 ob
1097 1490 1248 1538 auroram
1270 1480 1300 1535 et
1322 1471 1431 1536 lamen
1459 1468 1578 1535 lunae.

449 1596 526 1659 Vidit
541 1604 569 1657 et
589 1592 722 1655 Tbomas
737 1589 889 1672 Sepelttus
902 1588 1082 1654 Britannus
1096 1591 1146 1655 nir
1155 1590 1226 1671 iam
1248 1588 1418 1656 celebrium
1431 1591 1575 1654 oironsm

442 1714 529 1776 tibris
545 1721 574 1773 et
587 1711 683 1773 literis
700 1710 872 1782 natusest
889 1726 949 1773 sna
963 1708 1030 1772 itleo
1046 1709 1183 1772 nominis
1206 1708 1403 1772 existimatio
1416 1707 1509 1773 sardi
1523 1718 1576 1770 etl.

531 1827 602 1892 Non
622 1845 748 1908 possum
769 1829 949 1908 praeterire,
984 1829 1063 1909 puin
1098 1828 1199 1890 animi
1233 1827 1338 1906 pratia
1368 1825 1527 1908 capisam
1553 1835 1579 1887 el

442 1945 650 2028 spectaculum
674 1945 757 2027 qnod
781 1946 867 2011 nobis
890 1943 985 2009 Luna
1008 1917 1182 2008 messmam
1205 1945 1358 2008 subitati.

532 2060 592 2124 Est
614 2064 648 2124 in
663 2035 782 2126 ¹Lunae
804 2062 906 2142 tante,
927 2080 1027 2145 supra
1049 2061 1174 2125 anatum
1197 2061 1265 2142 ejus
1291 2061 1467 2124 sinistrum
1490 2078 1506 2124 s
1528 2078 1577 2123 re·
1650 2046 1654 2052 ’

443 2181 532 2261 piane
555 2182 654 2244 nostri
676 2180 803 2254 beatri,
824 2180 958 2260 paruula
980 2178 1105 2243 maaula
1118 2180 1213 2260 autpa
1227 2187 1314 2252 nola,
1338 2179 1447 2243 instar
1467 2180 1574 2260 paneri

445 2300 626 2380 niperrtmi,
650 2318 749 2381 quom
772 2318 938 2381 nunqnam
960 2299 1047 2362 alind
1068 2299 1145 2380 puitl
1166 2313 1230 2362 este
1245 2299 1364 2374 sensui,
1387 2315 1489 2379 quam
1505 2315 1577 2379 pro-

444 2418 576 2498 fundam
598 2419 787 2491 cavitatem:
817 2436 885 2481 earn
916 2426 1071 2483 crescente
1095 2415 1187 2481 Luna
1218 2433 1279 2498 par
1311 2425 1358 2479 ost
1384 2416 1496 2479 utinm
1517 2430 1579 2477 esse

444 2537 665 2615 tamaianam,
689 2539 767 2616 puio
790 2537 824 2598 in
848 2535 965 2600 tenena
984 2533 1094 2598 Lanae
1112 2551 1243 2616 serpens
1258 2530 1327 2598 Soli
1348 2536 1468 2598 rectius
1483 2530 1577 2614 abjet-

445 2660 518 2722 tur,
540 2669 637 2732 paam
661 2653 688 2714 si
712 2650 804 2715 Luna
828 2654 922 2734 plena
950 2653 1070 2733 suerit:
1094 2661 1170 2715 luno
1193 2651 1278 2713 enim
1296 2648 1459 2714 aeolium
1476 2648 1578 2712 tunes

445 2767 536 2840 Solis.
560 2770 659 2848 mapis
682 2771 898 2833 obumbratur.
926 2769 1009 2834 llaec
1033 2773 1154 2852 uesperi
1175 2771 1198 2834 l
1220 2767 1423 2851 Septembris,
1445 2777 1484 2832 ut
1511 2777 1577 2831 erat

443 2889 655 2953 instrumento
677 2887 833 2969 onptiaata
857 2890 891 2950 in
914 2891 1042 2968 speciem
1067 2888 1236 2953 latissimae
1254 2887 1416 2962 maculae,
1434 2887 1577 2970 {mual-

445 3009 494 3068 nei
510 3007 618 3071 coloris
634 3017 711 3078 erat,
737 3006 827 3070 limbo
852 3007 1059 3089 limpidissimi
1081 3007 1209 3071 luminis
1231 3006 1436 3071 circumdala.
1458 3005 1503 3067 Al
1517 3005 1576 3068 boa

444 3142 536 3188 inane
552 3127 572 3190 b
588 3124 778 3208 Septembris
802 3127 913 3190 limbus
932 3123 1160 3192 biabot'oersus
1175 3127 1342 3191 absaoeam
1362 3134 1484 3206 partim
1504 3121 1572 3187 bu-

445 3263 527 3315 nae‚·
550 3262 624 3308 nam
648 3246 783 3307 eiroutus
818 3262 873 3306 seu
910 3247 1060 3307 terminus
1090 3243 1331 3308 illuminationis
1365 3258 1464 3324 super
1497 3241 1578 3303 bans

444 3364 599 3425 toroculum
624 3363 779 3426 transibat
804 3363 885 3425 tinea
901 3365 1018 3426 sincere
1038 3380 1147 3426 curva.
1182 3360 1308 3424 limbus
1333 3378 1408 3425 otro
1429 3359 1577 3441 sulpitii-

444 3484 540 3543 simns
564 3490 696 3561 utroque
721 3480 846 3543 brnottio
868 3481 1072 3559 proterrebat
1096 3480 1181 3541 ultra
1207 3479 1376 3541 terminum
1393 3478 1527 3540 luminis
1545 3478 1576 3537 in

444 3601 600 3677 raptorum
622 3598 862 3666 obumbratam,-
884 3599 1012 3661 reduota
1035 3597 1149 3659 babens
1182 3597 1320 3666 braobia,
1344 3604 1372 3657 et
1400 3597 1576 3659 introrsum

443 3717 534 3796 (bno,
559 3717 661 3777 instar
686 3714 909 3786 Probutarum
928 3714 1041 3793 quibus
1059 3711 1219 3786 Anconae,
1235 3712 1414 3786 Messanae,
1436 3709 1576 3782 Gonnos.

444 3839 471 3892 et
495 3831 569 3892 alibi
590 3839 699 3909 portus
723 3830 942 3911 efformantur‚
966 3831 999 3890 in
1022 3833 1083 3909 fine
1105 3839 1198 3893 acuto
1220 3830 1316 3910 (lenm
1341 3827 1427 3892 Erat
1451 3846 1577 3909 expres·

443 3948 565 4010 sissima
589 3950 674 4010 tosus
697 3949 830 4026 effipies.
854 3947 1102 4025 conformatione
1136 3965 1222 4009 mare
1253 3946 1405 4026 Caspium
1434 3947 1575 4011 dixeris:

443 4066 496 4126 seel
530 4066 681 4127 contentis
705 4066 804 4140 mopis
831 4061 932 4123 Ponto
957 4060 1110 4130 Euxino.
1142 4073 1199 4124 aut
1230 4063 1311 4123 niari
1337 4059 1434 4123 tonia
1458 4059 1572 4122 similis.

446 4179 526 4241 Erat
551 4181 687 4240 enimin
712 4181 777 4259 ipso
801 4177 885 4247 tacu.
910 4198 974 4259 pua
999 4182 1171 4242 introrsum
1195 4196 1303 4241 oerstts
1326 4196 1443 4258 corpus
1469 4177 1575 4240 tanne

444 4297 597 4375 serpebat,
621 4294 751 4357 tttot'tttor
774 4295 887 4365 artata,
909 4294 1028 4358 Istttmo
1045 4297 1216 4375 oonjrtntta
1238 4294 1394 4358 littoribus
1420 4295 1576 4358 lucidissi-

445 4419 510 4478 mis.
535 4415 586 4478 Sio
614 4421 675 4479 tria
698 4417 846 4478 distincta
871 4427 961 4479 erant
987 4417 1118 4488 lumina,
1143 4417 1355 4478 clarissimum
1379 4415 1524 4477 littorum
1549 4421 1575 4473 rt

445 4537 607 4606 montium,
630 4536 848 4614 surrupinenm
872 4543 898 4596 et
922 4534 1089 4596 obscurum
1114 4533 1254 4595 maculae
1277 4549 1334 4593 seu
1354 4531 1455 4604 latus,
1481 4548 1575 4611 respue

445 4654 485 4712 tttt
508 4655 677 4716 terminum
700 4654 962 4724 illuminationis:
987 4655 1158 4722 mediocre,
1194 4654 1329 4714 sisinius
1362 4660 1468 4715 tamen
1494 4653 1574 4713 lacus

444 4770 638 4843 obscuritati,
662 4775 778 4835 cassam
804 4775 884 4835 iltius
909 4777 1039 4836 areolae.
