4109 5934
438 697 504 762 tte
822 703 1023 752 pissoniana
1048 702 1183 749 ranconi

440 851 518 907 certe
536 842 645 922 effipies
670 839 737 920 ipsa
763 837 814 916 [ol.
834 835 899 900 202
923 833 1010 898 Libri
1033 835 1095 896 mei
1113 834 1217 915 patuit
1240 834 1401 897 curiosum
1427 833 1572 896 lectorem

439 960 603 1068 admonere
626 957 660 1019 de
683 963 857 1030 structura,
877 952 1062 1033 praesertim
1090 953 1119 1014 ri
1146 952 1306 1015 lectionem
1327 950 1572 1014 aemonstratto-

441 1095 517 1140 num
540 1092 682 1139 mearum
703 1090 776 1137 cum
798 1080 888 1136 tectu
912 1070 1029 1134 Portae
1053 1069 1236 1150 conjunxit.

530 1191 668 1259 Non‘est
692 1201 796 1256 tamen
818 1190 1004 1264 incredibile,
1025 1188 1152 1254 solertes
1174 1188 1344 1270 sculptores
1367 1188 1497 1269 imperate
1520 1189 1572 1251 in·

441 1312 574 1384 dustria.
596 1311 650 1391 qui
671 1308 853 1390 perrpioillis
868 1307 911 1371 ad
924 1306 1105 1388 sculpturae
1123 1308 1277 1372 minutior
1296 1305 1446 1371 videndas
1471 1315 1571 1370 utun·

442 1439 505 1504 tur,
526 1444 602 1490 casu
625 1426 719 1492 etiam
741 1428 774 1487 in
797 1424 953 1507 fabricam
985 1426 1066 1487 banc
1099 1422 1352 1499 insidiandum
1378 1423 1476 1489 lenter
1498 1443 1572 1488 can-

443 1565 538 1610 vercas
561 1545 645 1608 cavis
668 1544 754 1612 varie
775 1544 943 1618 associant,
960 1551 995 1607 ut
1012 1559 1094 1624 quae
1110 1540 1300 1606 combinatio
1322 1540 1433 1606 melius
1456 1544 1570 1605 resciat

444 1663 552 1732 aculis.
574 1677 642 1724 eam
665 1661 793 1741 elipant.

529 1778 603 1844 Non
625 1781 686 1843 ista
708 1778 776 1842 dico
797 1778 838 1842 od
860 1778 1093 1860 deprintcudam
1115 1779 1286 1845 incentoris
1308 1778 1488 1843 cummisi
1503 1779 1571 1844 iau·

443 1900 523 1974 dem,
547 1898 689 1980 quisquis
711 1897 787 1979 fuit.
806 1892 880 1961 Scio
902 1905 1061 1996 quantum
1074 1898 1199 1962 intersit
1213 1898 1298 1961 inter
1311 1896 1484 1961 rationales
1498 1915 1573 1960 evn-

441 2017 581 2095 p'ecturnr
603 2024 632 2079 et
656 2015 812 2079 ocularem
833 2016 1081 2096 reperientiams
1102 2016 1185 2079 iuter
1208 2013 1361 2081 Ptolamei
1387 2014 1572 2096 &matio-

444 2151 513 2196 nem
536 2132 571 2196 de
595 2130 814 2216 Antipodt'bus,
833 2141 861 2196 et
882 2133 1022 2198 Columbi
1037 2135 1238 2200 detectionem
1255 2135 1331 2199 navi
1351 2134 1454 2200 orbis:
1475 2133 1569 2198 aaa

443 2269 503 2332 pue
526 2260 554 2314 et
576 2251 661 2313 inter
682 2251 763 2331 ipsas
787 2251 880 2331 vulpe
911 2250 1110 2316 circumlatas
1145 2251 1233 2315 tubos
1267 2252 1415 2325 menta,
1435 2260 1465 2316 et
1486 2251 1570 2315 inter

448 2378 552 2447 tuam,
576 2367 721 2442 Galilaea,
745 2370 934 2444 marbinam,
957 2387 1023 2452 pua
1043 2368 1161 2435 eaelum
1191 2370 1292 2451 iprum
1315 2370 1500 2435 terebrati:
1520 2369 1572 2432 red

442 2488 527 2552 nitar
550 2489 598 2551 bic
620 2488 710 2570 fidem
733 2476 903 2552 incredulis
926 2486 1029 2568 lacere
1044 2488 1250 2567 instrumenti
1272 2451 1330 2551 tuis

530 2603 710 2668 Fatendum
731 2611 775 2668 est
796 2622 844 2667 nte
867 2623 908 2668 aa
930 2622 965 2668 eo
989 2613 1133 2684 tempore,
1155 2622 1219 2687 pua
1235 2603 1427 2686 optinorum
1442 2621 1571 2686 warm-

443 2739 506 2794 sur,
529 2721 711 2783 creberrime
734 2739 754 2784 a
778 2720 889 2785 Cerare
912 2730 1061 2799 raparum
1078 2720 1113 2784 de
1133 2718 1250 2785 Portae
1271 2721 1500 2803 eupompus
1516 2740 1571 2786 ar·

443 2840 543 2922 tificiis
564 2839 654 2921 fidem
676 2845 711 2901 ut
732 2839 905 2919 plurimam
926 2839 1100 2919 deraparse.
1124 2837 1187 2906 Nec
1210 2840 1337 2916 uenum,
1355 2842 1470 2911 miscet
1489 2842 1572 2904 enim

442 2958 605 3040 manifeste
625 2957 817 3024 incredibilia
836 2957 1069 3039 probabilibus:
1092 2966 1121 3023 et
1145 2958 1255 3023 titulus
1281 2959 1394 3041 capitis
1419 2956 1479 3024 xt
1501 2977 1572 3027 rer·

445 3077 489 3142 bis
518 3073 646 3162 (Supra
667 3092 798 3140 omnem
820 3076 1004 3158 cogitatum
1025 3093 1128 3158 quam
1151 3076 1341 3160 longissimo
1362 3075 1569 3161 prospicere)

443 3192 608 3256 videbatur
633 3190 861 3254 absurditatem
895 3193 1031 3273 opticam
1064 3192 1244 3258 incaluere.-
1277 3195 1370 3275 puaei
1402 3195 1486 3261 viria
1517 3197 1570 3277 fiat

443 3308 622 3380 emittenda,
640 3317 668 3370 et
690 3307 864 3389 conspicillo
889 3319 1006 3373 acuam
1029 3311 1110 3374 acuti
1126 3311 1263 3391 jaculos,
1285 3321 1321 3374 ut
1338 3311 1381 3376 ad
1403 3317 1571 3379 remotiora

440 3437 619 3506 penetrent,
644 3431 790 3508 quamsi
812 3429 900 3493 nulla
920 3431 1096 3511 conspicillo
1123 3430 1369 3495 adbiberentur:
1393 3444 1454 3497 aut
1477 3436 1515 3506 si,
1538 3445 1570 3497 ut

442 3550 581 3626 npnvsoit
606 3546 714 3622 Porta,
736 3550 814 3612 visio
836 3552 870 3630 fit
892 3550 1086 3628 recipiendo,
1108 3552 1201 3631 quasi
1226 3559 1300 3615 tunc
1324 3552 1451 3632 specilla
1479 3554 1568 3617 rebat

442 3665 579 3728 videndis
602 3667 699 3730 lucem
722 3667 884 3732 concilient
908 3670 955 3730 vel
976 3678 1139 3749 aupeant:
1163 3688 1234 3734 cum
1256 3672 1312 3734 boc
1334 3672 1438 3751 patius
1463 3690 1567 3736 verum

443 3783 493 3854 sit,
518 3801 597 3864 quae
622 3802 685 3846 nan
709 3784 790 3849 ultra
808 3786 849 3848 ad
863 3795 985 3850 nostros
1005 3788 1109 3851 ocutm
1129 3786 1334 3868 ejaculantur
1354 3788 1500 3871 abactam
1520 3792 1568 3853 tu·

443 3902 554 3970 culam.
579 3921 643 3983 qua
665 3903 817 3967 mediante
840 3907 1067 3984 respiciantur,
1091 3925 1267 3991 numquam
1289 3908 1343 3973 illa
1365 3909 1429 3975 utto
1450 3910 1565 3990 perspi·

442 4020 509 4084 cillo
531 4020 628 4099 dotepi
648 4038 747 4101 posse.

531 4137 700 4203 Praeterea
722 4141 883 4205 credebam
907 4160 971 4206 nan
994 4152 1120 4207 tarstum
1142 4162 1248 4209 aerem
1275 4161 1338 4207 erre
1374 4164 1519 4211 crassum
1538 4154 1565 4208 et

441 4255 540 4320 colore
563 4258 715 4332 caerulea,
738 4277 800 4340 quo
821 4259 991 4323 visibilium
1010 4270 1116 4341 partes
1140 4263 1280 4327 minutae
1297 4265 1421 4329 eminus
1446 4267 1566 4347 cmope-

442 4381 554 4438 rentur
577 4383 605 4436 et
628 4374 917 4455 confunderentur,⁰
945 4379 1028 4461 quad
1059 4398 1130 4445 cum
1149 4398 1206 4462 per
1225 4400 1258 4446 sc
1279 4392 1400 4446 cuterm
1421 4385 1474 4456 sit,
1495 4383 1567 4465 {ett-

442 4499 509 4554 stra
531 4491 668 4556 videbam
690 4497 847 4576 expectari
868 4498 1099 4579 aperspicillo‚
1135 4510 1170 4564 ut
1203 4502 1284 4565 bauo
1313 4502 1396 4566 aeris
1419 4502 1567 4582 interlecti

442 4609 648 4673 substantiam
671 4629 691 4673 a
714 4614 882 4679 visibilibus
907 4617 1066 4698 deterpat:
1101 4621 1154 4684 sed
1177 4621 1212 4684 de
1236 4623 1304 4701 ipsa
1326 4621 1419 4684 etiam
1448 4621 1567 4685 coelesti

443 4729 576 4791 essentia
600 4731 657 4794 tale
680 4731 798 4818 aliquid
818 4737 995 4817 suspicatus
1018 4757 1110 4811 sum,
1134 4739 1216 4823 quod
1240 4758 1315 4814 uos,
1350 4740 1378 4802 si
1411 4740 1567 4806 marinae
