4109 5934
1542 710 1602 773 177

443 856 562 938 punctis
582 855 731 918 iudicatos
745 855 778 915 in
793 854 850 915 boc
870 853 979 914 eodem
1000 852 1161 925 Jovilabio,
1183 853 1272 915 sicuti
1295 852 1393 932 ligura
1410 853 1608 917 demonstrat.

444 956 528 1019 llaec
557 955 667 1018 ultima
698 954 888 1017 circulorum
916 954 1066 1015 correctio
1098 954 1259 1063 respondet
1292 955 1446 1015 mensuris
1473 957 1512 1017 ab
1544 957 1611 1035 ipso

442 1055 581 1118 Galilaea
592 1054 754 1117 declaratis
770 1055 801 1115 11
818 1054 947 1133 epistola
961 1053 998 1113 ad
1011 1052 1043 1113 P.
1058 1052 1236 1115 Castellium
1252 1055 1369 1116 anobis
1384 1055 1475 1117 citata
1490 1075 1558 1136 pag.
1570 1058 1610 1116 ‘23

443 1152 598 1216 Praemii:
618 1170 713 1232 qnae,
733 1169 806 1213 enan
827 1152 940 1231 scripta
960 1150 1068 1212 luisset
1087 1170 1137 1213 au.
1160 1153 1248 1224 1617,
1269 1159 1337 1214 octo
1358 1152 1498 1216 videlicet
1518 1156 1608 1218 antris

443 1262 548 1335 postea
564 1272 658 1334 qnam
673 1254 767 1333 ipsea
782 1252 1047 1314 lucubrationibus
1068 1252 1115 1315 bis
1129 1272 1161 1314 se
1175 1261 1365 1327 avocaverat,
1385 1256 1520 1317 continet
1537 1274 1609 1336 pro·

444 1358 495 1418 cul
528 1354 622 1417 dubio
656 1354 806 1416 rationem
834 1353 1047 1432 perfectiorem
1082 1352 1144 1416 illis
1175 1354 1319 1415 omnibus
1346 1373 1423 1433 quas
1451 1354 1609 1418 Galilaeus

444 1451 673 1533 excogitaverit
694 1451 799 1513 Liceat
819 1451 968 1532 noe-loeo
1003 1451 1214 1530 hujuscemodi
1242 1453 1400 1516 radiorum
1422 1461 1609 1533 postremam

444 1552 702 1617 existimationem
717 1549 818 1613 denuo
839 1552 1056 1614 transcribere:
1072 1570 1129 1631 pro
1142 1554 1175 1617 (1)
1188 1572 1263 1615 sem.
1280 1553 1300 1613 ὅ
1318 1574 1384 1628 lilla,
1396 1573 1453 1634 pro
1473 1546 1538 1615 ΘΒ
1558 1575 1607 1630 11;

443 1671 502 1733 pro
579 1650 633 1725 lt;
656 1669 712 1730 pro
725 1649 759 1719 Θ
783 1650 920 1730 1111115
943 1652 991 1729 (ll.
1012 1653 1058 1712 Ad
1076 1653 1132 1714 hoc
1149 1652 1186 1714 de
1210 1653 1362 1716 Jovilabiu
1390 1662 1606 1735 argumentum

442 1754 505 1815 cilo
528 1750 708 1813 redibimus.

523 1855 584 1917 Sed
605 1854 644 1916 ad
665 1853 851 1933 principium
873 1855 1062 1926 accedentes,
1085 1861 1152 1934 post
1169 1856 1212 1917 sic
1234 1855 1451 1917 determinatas
1471 1855 1606 1935 generali

445 1955 583 2036 quodam
596 1954 687 2015 nando
698 1952 940 2015 mensurationes
952 1953 1134 2026 orbitarum,
1148 1951 1323 2014 Galilaeum
1337 1954 1406 2015 totis
1420 1954 1609 2016 1111111111-

445 2056 549 2119 duisse
563 2053 700 2134 oportuit
720 2053 758 2115 ad
784 2040 1028 2133 investigandum
1054 2059 1172 2115 motum
1198 2054 1334 2114 medium
1351 2055 1573 2133 cujuscumque
1593 2074 1610 2113 e

443 2155 635 2219 satellitibus
651 2154 683 2215 iu
697 2153 795 2216 urbita
807 2170 873 2215 sna.
887 2153 1050 2226 Quomodo
1060 2160 1088 2215 et
1100 2154 1224 2233 quando
1239 2172 1294 2232 per
1308 2155 1427 2234 longos,
1440 2172 1608 2234 gravesque

443 2254 568 2317 labores
589 2253 628 2315 ad
650 2253 707 2314 laoc
728 2252 923 2314 statuendum
946 2253 1079 2331 potuerit
1095 2251 1254 2331 pervenire
1268 2296 1276 2322 ,
1291 2251 1356 2331 jam
1379 2253 1610 2331 supra‚scilicet

445 2373 517 2435 pag.
530 2353 562 2429 8,
575 2359 702 2435 apparet
712 2354 813 2416 verbis
828 2354 974 2432 suipsius,
988 2372 1025 2414 ex
1042 2353 1154 2430 quibus
1168 2352 1365 2413 exhibuimus
1386 2353 1444 2414 boc
1465 2352 1610 2414 accidisse

447 2454 587 2527 Rornae,
609 2470 712 2514 mense
728 2452 817 2530 aprili
830 2469 880 2512 an.
896 2451 982 2524 11111,
997 2452 1048 2511 cui
1063 2451 1196 2529 epochae
1217 2449 1404 2512 adamussim
1426 2450 1610 2529 respondent

448 2554 548 2635 primi
560 2553 679 2625 calculi,
701 2570 834 2631 quorum
856 2552 1117 2631 pubblicatiouem
1139 2551 1262 2631 aggredi
1286 2568 1447 2613 conamur.

534 2650 569 2713 ln
589 2652 635 2714 bis
654 2670 726 2714 eum
750 2653 962 2732 procedentem
985 2653 1122 2716 videmus
1142 2652 1229 2733 juxta
1250 2654 1405 2734 cognitum
1428 2655 1610 2716 astronomi-

447 2768 525 2815 cum
548 2750 672 2813 modum
693 2758 890 2829 sequentem:

526 2851 704 2915 constitutis
725 2853 774 2912 die
795 2859 824 2913 et
840 2852 926 2925 liora,
948 2854 1061 2930 quibus
1074 2854 1245 2915 Satellitum
1263 2855 1350 2916 locus
1365 2854 1570 2926 relerebatur,

416 2946 419 2951 ’
525 2950 560 3012 1⁰
576 2948 706 3013 Notabat
726 2961 845 3031 tempus
866 2952 1004 3031 elapsum
1028 2973 1045 3012 a
1068 2953 1116 3013 die
1137 2960 1167 3015 et
1187 2953 1276 3025 bora,
1292 2971 1370 3032 quos
1386 2952 1451 3032 J'am
1466 2953 1608 3014 costitue·

445 3060 494 3114 rat
514 3052 558 3114 uli
583 3050 731 3125 1111111111,
762 3053 809 3112 vel
839 3053 1007 3131 epocham,
1038 3070 1118 3130 quac
1141 3059 1207 3114 erat
1237 3060 1427 3114 momentum
1450 3054 1609 3132 positionis

451 3152 643 3224 observatae,
662 3150 726 3212 sire
746 3151 936 3213 calculatae:

534 3252 569 3313 2⁰
586 3252 734 3326 Ponebat,
759 3254 849 3334 juxta
881 3272 953 3317 suas
974 3255 1109 3317 Tabulas
1141 3262 1258 3317 motum
1290 3255 1425 3317 medium
1448 3256 1606 3334 proprium

452 3353 694 3436 uuiuscujusque
713 3354 884 3416 Satellitum
906 3372 962 3434 pro
983 3356 1102 3429 diebus,
1130 3356 1229 3429 boris,
1251 3358 1438 3435 minutisque
1458 3355 1571 3435 elapsis
1592 3374 1621 3416 a

450 3462 588 3535 tempore
607 3455 723 3518 radicis
742 3455 780 3516 ad
802 3462 922 3535 tempus
943 3461 1111 3517 statutum:

529 3553 566 3615 3⁰
584 3552 764 3616 Summabat
779 3555 875 3618 dictas
889 3555 1072 3633 quantitates
1084 3555 1203 3616 ratione
1218 3555 1320 3617 habita
1335 3556 1372 3617 ad
1390 3556 1492 3617 locum
1505 3556 1609 3617 obser-

448 3662 553 3717 uatum
567 3655 616 3716 rel
635 3655 822 3717 calculatum
843 3656 990 3718 Satellitis
1006 3655 1097 3735 juxta
1113 3661 1304 3718 momentum
1323 3656 1456 3719 radicis:
1471 3656 1611 3718 detrabe-

448 3755 499 3818 bat
515 3755 652 3819 circulus
671 3757 819 3836 integros,
837 3757 956 3836 qtroties
970 3757 1115 3831 aderant,
1139 3775 1337 3836 summaque,
1362 3763 1414 3818 aut
1436 3755 1610 3824 residuum,

448 3856 530 3934 qnod
556 3855 731 3928 obtinebat,
762 3856 1007 3937 repraesentabat
1039 3857 1066 3918 ei
1093 3857 1293 3935 quantitatem
1315 3874 1406 3918 arcus
1427 3854 1564 3935 percursi
1591 3872 1609 3911 1

449 3954 584 4018 satellite
615 3956 646 4017 in
671 3956 769 4018 orbita
805 3976 821 4017 a
859 3964 995 4036 tempore
1031 3958 1144 4019 radicis
1176 3958 1214 4019 ad
1246 3957 1352 4019 datum
1380 3963 1519 4034 tempus,
1558 3955 1605 4013 vel

504 4322 540 4382 (1)
554 4318 596 4370 Ex
610 4316 783 4371 111111111111
809 4324 918 4382 arguet,
945 4320 1041 4368 mirum
1059 4332 1112 4369 non
1131 4330 1188 4368 ease
1207 4319 1229 4367 si
1247 4318 1273 4366 in
1301 4329 1425 4379 processu
1446 4311 1611 4363 calculorum

449 4398 561 4465 aliquam
576 4400 692 4453 inveniat
705 4401 919 4451 constitutionem
935 4401 1126 4449 aberrantema
1141 4399 1271 4447 mensuris
1287 4396 1420 4455 lorilabii,
1440 4407 1522 4458 usque
1539 4394 1571 4443 ad
1587 4393 1612 4442 id

450 4486 564 4546 ternpus,
579 4482 701 4540 adblbltl,
717 4497 766 4534 nec
781 4484 866 4534 adhuc
882 4481 1085 4545 congruentibus
1100 4495 1162 4529 eum
1179 4480 1229 4529 illis
1246 4492 1312 4545 quae
1329 4479 1459 4528 habentur
1475 4478 1502 4526 in
1519 4476 1611 4526 111111-

449 4566 497 4616 bils
507 4580 586 4631 supra
594 4568 698 4617 notatis.
714 4566 772 4618 Hoc
784 4569 855 4617 euim
871 4567 963 4617 accidit
979 4565 1081 4628 quoties
1097 4562 1227 4612 Galilaeae
1244 4562 1443 4625 praecedentem
1460 4573 1610 4609 mensuram

449 4660 585 4699 1111111111
608 4660 666 4699 esne
684 4648 912 4705 animadvertens,
937 4646 1043 4704 studet,
1069 4645 1186 4706 repetitis
1204 4642 1407 4704 experimentis,
1425 4656 1518 4692 111111
1534 4640 1611 4690 111111

449 4731 582 4783 invenire:
600 4731 667 4781 aiem
678 4736 783 4795 apparet
799 4732 824 4780 11
841 4731 953 4779 motibus
969 4727 1072 4785 mediis,
1090 4726 1135 4790 qui
1152 4738 1205 4774 uon
1227 4736 1331 4786 semper
1346 4727 1437 4772 exacte
1453 4723 1609 4786 respondent

450 4812 570 4874 Tabulis,
586 4812 633 4864 sod
648 4814 762 4864 indicant
777 4820 900 4864 nonatum
920 4809 1071 4862 transeundi
1087 4807 1119 4859 ab
1135 4820 1187 4858 una
1204 4807 1231 4857 in
1247 4805 1333 4857 111111.
1452 4890 1487 4942 Β
