4109 5934
442 727 507 791 424
829 740 1029 787 otssanrerto
1051 740 1185 787 uncant

439 900 455 935 o
480 874 552 936 aon
587 871 708 934 macula
736 877 899 949 conspecta
922 871 999 949 suit,
1018 871 1182 934 obscurior
1199 877 1321 934 caetero
1344 877 1408 934 toto
1432 888 1576 951 corpore,

439 1016 455 1054 »
480 991 564 1073 quod
585 989 747 1052 candentis
769 989 848 1071 ferri
870 994 1007 1072 boucam
1026 990 1273 1070 representabat.
1301 987 1442 1053 Diuisses
1468 990 1579 1053 nubila

440 1134 456 1172 »
482 1112 516 1172 in
534 1109 664 1172 multam
681 1109 841 1187 reqionum
858 1116 1000 1182 ericusa,
1017 1107 1133 1187 pluuiis
1152 1114 1181 1170 et
1198 1108 1408 1190 tempestuosis
1425 1104 1578 1171 imbribus

442 1251 458 1288 n
484 1227 631 1308 arcoilo:
654 1225 830 1306 cujusmodi
847 1226 887 1290 ob
909 1225 1102 1289 excelsorum
1124 1218 1280 1290 nsontiurn
1296 1226 1387 1307 iuris
1410 1226 1448 1289 in
1473 1226 1580 1289 leumi-

441 1371 458 1407 n
483 1346 561 1409 liora
577 1344 751 1408 concollurn
776 1345 841 1408 loca
864 1344 966 1407 villere
989 1361 1056 1407 non
1078 1361 1154 1408 raro
1174 1344 1326 1424 continait
1351 1367 1381 1405 n.
1406 1340 1497 1407 Haec
1521 1342 1578 1406 ille.

529 1461 575 1525 Nc
599 1479 673 1526 oero
688 1470 778 1544 putes
801 1461 1009 1543 antiquorum
1027 1461 1226 1525 macularum
1243 1478 1342 1525 unam
1359 1445 1474 1540 {uisset
1489 1478 1579 1523 mon·

440 1583 551 1645 straoit
566 1582 630 1662 ipse
646 1581 724 1642 inibi
741 1579 927 1644 Moestlinus
946 1597 1033 1643 onno
1050 1579 1206 1660 superiori
1218 1577 1428 1660 diaoramma.
1450 1576 1579 1642 Macula

441 1707 508 1763 erat
533 1707 561 1762 et
584 1699 651 1761 situ
684 1708 712 1760 et
747 1697 962 1778 mannitudine
985 1696 1143 1779 differens:
1178 1697 1291 1778 quippe
1324 1714 1405 1777 quae
1431 1704 1578 1778 quartani

441 1819 567 1881 circiter
599 1826 655 1880 out
690 1818 834 1898 quintam
864 1826 987 1896 partem
1007 1816 1157 1897 planicici
1180 1813 1319 1877 Lunaris
1337 1816 1532 1896 occupabat:
1553 1823 1579 1876 et

439 1944 602 2015 praeterea
624 1934 700 1998 abeo
721 1942 875 2008 atra,'ut
898 1936 993 1997 etiarn
1024 1934 1059 1996 in
1093 1933 1294 1997 obtenebrata
1318 1930 1414 1995 Luna
1437 1931 1580 1996 eluceret.

535 2050 642 2116 Tradit
666 2070 701 2117 eo
723 2052 821 2115 libello
843 2049 899 2114 tn.
921 2050 966 2116 88
988 2049 1098 2115 Lunae
1120 2050 1303 2132 affinitatem
1324 2067 1399 2113 cum
1425 2058 1526 2126 terra,
1547 2051 1581 2111 in

442 2173 608 2243 densitate.
631 2172 759 2245 umbra.
782 2171 930 2252 coliqinc,
955 2171 1020 2234 luce
1043 2188 1065 2234 a
1087 2168 1160 2234 Sole
1184 2169 1385 2233 mutuatitia:
1409 2187 1495 2251 quae
1516 2169 1580 2249 olo·

443 2291 516 2354 bum
533 2301 701 2372 utrumque
716 2290 982 2364 circumambulo,
998 2307 1079 2370 quae
1095 2288 1239 2370 aquales
1254 2297 1284 2352 et
1301 2287 1457 2352 terricolis
1474 2286 1582 2352 Lunae

439 2408 551 2489 pboses
575 2408 720 2480 exhibet,
755 2416 783 2470 et
816 2408 957 2472 terricolis
986 2405 1124 2478 Terrae:
1144 2415 1181 2470 ut
1204 2415 1375 2488 utrumque
1403 2423 1520 2488 corpses
1542 2407 1581 2469 cb

441 2525 539 2589 altero
561 2526 733 2607 oeqsroliter
755 2526 971 2600 illuminetur,
994 2543 1057 2608 quo
1084 2525 1150 2589 loco
1175 2541 1325 2605 mannam
1344 2533 1473 2606 partem
1496 2542 1580 2589 corn·

438 2644 588 2725 plectitur
610 2661 694 2707 meae
718 2645 929 2708 astronomiae
955 2642 1105 2708 bernario.
1131 2641 1275 2706 Alterum
1298 2642 1438 2723 aralium
1459 2660 1578 2724 coom-

442 2762 536 2825 tionis
560 2762 673 2824 borum
696 2780 862 2843 corporum
890 2760 946 2826 tn.
969 2762 1014 2828 92
1040 2762 1166 2826 collocat
1194 2763 1234 2822 in
1254 2761 1425 2842 asperitate
1448 2763 1581 2842 suomi·

443 2880 573 2943 cirrum:
596 2878 737 2961 quodam
760 2887 873 2943 notatu
895 2880 1027 2961 clinnum
1049 2890 1115 2952 est,
1139 2897 1180 2943 ex
1203 2879 1302 2942 tribus
1331 2877 1407 2943 locis
1432 2878 1581 2943 Anerrois

443 3001 518 3063 citat
542 2998 661 3063 lictum
684 2996 859 3063 Aristotelis
883 3016 923 3062 ea
945 2999 1022 3064 libro
1045 3000 1081 3062 de
1103 2999 1310 3071 animalibus,
1335 3017 1354 3057 e
1378 2998 1464 3080 quoi
1483 2995 1580 3060 Luna

446 3126 587 3181 terrenae
610 3126 745 3180 naturae
767 3116 935 3180 admodum
957 3118 998 3180 sit
1020 3119 1124 3199 affinis
1149 3141 1178 3180 n.

536 3235 577 3297 ln
595 3236 691 3316 specie
710 3234 746 3296 tle
761 3252 832 3298 aere
848 3235 933 3297 circa
948 3233 1075 3298 Lunare
1092 3253 1204 3315 corpus
1223 3234 1419 3315 circumfuso
1442 3231 1499 3296 Tin
1520 3231 1581 3296 145

447 3374 487 3418 en
507 3356 647 3435 professo
670 3357 746 3434 croit,
771 3356 862 3435 cujus
886 3357 1044 3421 istasunt
1070 3355 1162 3418 oerbo
1185 3353 1241 3416 tn.
1271 3354 1331 3417 149
1357 3355 1422 3416 tuis
1449 3350 1581 3416 Galilaee

446 3474 546 3537 verbis
571 3473 646 3537 adeo
668 3474 805 3550 similia,
842 3485 877 3537 ut
912 3494 952 3538 en
987 3486 1041 3538 tuo
1076 3475 1171 3537 libello
1201 3474 1363 3553 desumpta
1389 3472 1579 3536 uideantur:

450 3613 466 3647 «
492 3587 529 3653 Si
553 3589 661 3653 Lunae
684 3610 807 3673 corpus,
829 3593 943 3674 inquit,
966 3611 1155 3674 quocunque
1176 3594 1286 3673 pbasc,
1298 3591 1392 3671 probe
1417 3589 1579 3658 normann
1653 3569 1658 3584 ⁸

450 3717 664 3774 »extremam
699 3727 787 3772 oram
820 3710 916 3773 multo
951 3709 1119 3790 limpidiori
1139 3709 1325 3790 purioribus
1348 3706 1416 3770 luce
1442 3705 1580 3778 claram,

449 3850 466 3886 n
493 3845 548 3890 ner
570 3829 639 3890 ullis
663 3829 793 3890 maculis
823 3845 1019 3908 conspersam
1047 3828 1185 3889 ridebis:
1209 3843 1280 3890 curn
1306 3835 1413 3887 tamen
1436 3824 1479 3886 ab
1503 3825 1579 3885 inte·

449 3970 465 4006 n
492 3948 567 4009 riori
601 3963 725 4027 corpore
756 3946 910 4027 plurimae
942 3947 1131 4025 nioricantes
1169 3953 1260 4010 notae
1294 3943 1414 4023 possins
1441 3942 1578 4003 emicent.

450 4092 465 4127 »
496 4064 573 4139 (luis
597 4067 643 4127 ln'c
667 4064 765 4136 dicet,
789 4064 956 4143 uniformis
981 4063 1063 4126 illius
1087 4063 1164 4127 lucis
1189 4081 1253 4126 non
1280 4076 1344 4124 esse
1373 4057 1464 4122 aliud
1486 4072 1579 4138 osum

451 4210 467 4244 »
493 4186 586 4264 nujus
609 4184 798 4248 obscurioris
824 4183 941 4246 turbidi
952 4192 980 4245 et
994 4183 1142 4246 maculati
1160 4180 1329 4264 splendoris
1341 4175 1540 4258 subjectum?
1562 4197 1577 4232 ι

449 4301 610 4364 Concludit
638 4301 709 4363 binc
733 4320 845 4382 corpus
868 4301 952 4363 limbi
974 4320 1037 4363 esse
1059 4300 1273 4381 perlucidum.
1304 4296 1398 4378 quasi
1421 4296 1577 4360 vitreum.

448 4420 579 4487 aerium.
603 4419 735 4500 denique
758 4421 839 4483 aeris
865 4420 964 4482 nostri
987 4419 1269 4481 circumterrestris
1292 4414 1384 4495 plane
1406 4411 1518 4475 simile.

538 4535 657 4601 Multus
675 4539 796 4619 quidem
821 4547 865 4601 est
889 4540 920 4599 in
945 4557 989 4609 eo,
1015 4546 1050 4600 ut
1074 4548 1175 4600 tecum
1200 4533 1346 4604 Galilaee,
1370 4532 1457 4594 bunc
1480 4544 1579 4592 aerem

449 4673 489 4718 eu
512 4676 547 4720 eo
570 4659 662 4720 etiarn
686 4658 778 4738 siano
797 4659 926 4740 prober,
953 4679 969 4714 o
995 4657 1078 4740 quod
1104 4674 1181 4738 pars
1208 4655 1323 4717 lumine
1347 4647 1430 4714 Solis
1452 4648 1578 4731 perium

450 4796 467 4834 u
493 4774 651 4854 amplioris
675 4777 945 4856 circumferentiae
969 4785 1109 4858 apparet,
1133 4792 1230 4856 ouans
1251 4772 1407 4853 reliquunt
1431 4768 1515 4833 orbis
1537 4774 1580 4825 te·
