4109 5934
580 592 621 663 u
1034 628 1269 685 rnosurus

577 742 703 812 «obn
724 765 818 830 casu,
841 751 999 833 tienlerii,
1026 768 1153 841 praeter
1179 772 1305 834 ceteras
1339 771 1609 848 lucubrationes,
1644 791 1744 838 com-

578 872 597 911 «
621 861 769 927 mearant
784 862 823 928 de
838 865 934 929 rebus
950 868 1142 938 coelestibus
1157 876 1363 942 interierunt:
1379 881 1531 960 quamvis
1548 881 1653 944 enim
1667 881 1746 944 dili-

577 983 596 1021 «
615 971 726 1050 uenter
736 973 884 1054 quaesiti,
895 991 1062 1057 nunquam
1074 986 1184 1061 postea
1198 984 1321 1048 inventi
1337 994 1424 1059 sunt;
1436 987 1492 1051 sed
1504 993 1566 1050 aut
1580 987 1746 1053 Vulcano

577 1091 594 1131 s
614 1072 649 1140 tn
666 1079 820 1159 praedam
837 1099 975 1159 cessere,
989 1093 1047 1152 aut
1064 1089 1098 1152 in
1112 1092 1252 1157 obscuro
1268 1093 1479 1157 bibliothecae
1497 1094 1658 1176 alicujus
1682 1115 1746 1160 an·

577 1203 596 1241 a
620 1185 697 1269 gulo
719 1189 920 1260 delitescunt.
944 1194 1025 1261 Sunt
1048 1200 1104 1280 qui
1128 1198 1255 1278 dicunt,
1274 1202 1455 1267 cucullatos
1472 1203 1647 1281 homines,
1677 1205 1746 1270 lle·

577 1294 718 1367 «niano
731 1303 786 1368 vix
808 1304 887 1369 dum
910 1306 978 1370 vita
1000 1307 1127 1393 iuncto,
1144 1310 1178 1371 in
1192 1311 1313 1374 mortui
1329 1311 1465 1374 domum
1489 1311 1686 1392 irrepsisse,
1710 1323 1743 1379 et

575 1414 755 1480 «excussis
773 1415 987 1482 bibliothecae
1009 1417 1135 1493 ionalis,
1163 1419 1284 1500 scripta
1307 1417 1418 1482 omnia
1441 1417 1618 1482 abstulisse
1638 1443 1674 1483 n.
1695 1420 1743 1506 (ll

660 1523 804 1609 Angelus
826 1526 1007 1590 Fahronius
1025 1527 1072 1591 ita
1089 1527 1216 1602 scribit,
1235 1534 1307 1608 post
1325 1533 1493 1590 narratam
1509 1533 1661 1593 mortem
1675 1533 1744 1596 Re·

571 1628 685 1704 nimii:
707 1653 724 1693 n
749 1635 838 1703 Cella
860 1636 931 1716 ejus
958 1633 1095 1714 spoliata
1124 1633 1203 1709 tuit,
1227 1635 1372 1699 creditur
1398 1652 1455 1715 per
1482 1635 1742 1715 inquisitorem,

574 1741 762 1808 nomnibus
795 1744 899 1825 ipsius
932 1740 1075 1804 llenierii
1102 1748 1134 1806 et
1160 1742 1299 1808 Galilaei
1333 1743 1517 1825 scripturis,
1549 1750 1584 1808 et
1613 1748 1743 1812 misere

575 1851 723 1916 «omnia
745 1853 938 1916 interierunt
963 1875 991 1912 n.
1016 1847 1063 1934 (2)

658 1960 788 2024 Librius
800 1960 880 2024 haec
898 1960 1023 2024 scribito
1045 1961 1261 2039 «lienterius,
1276 1966 1330 2029 cui
1346 1963 1512 2029 Galilaeus
1529 1963 1744 2030 observatio

575 2087 592 2127 r
613 2083 671 2130 nes
682 2083 759 2132 suas
776 2067 970 2133 circatoris
986 2067 1141 2131 satellites
1153 2069 1345 2146 tradiderat,
1361 2078 1398 2136 nt
1413 2073 1447 2134 in
1460 2071 1588 2135 tabulas
1601 2073 1744 2156 redige·

574 2181 740 2255 «rentur,
763 2197 783 2243 a
810 2177 919 2244 lethali
948 2177 1032 2263 lecto
1061 2176 1142 2239 vidit
1170 2181 1394 2261 manuscripta
1417 2197 1479 2244 sua
1504 2178 1683 2244 devastata
1707 2189 1742 2246 et

573 2309 591 2348 n
611 2288 756 2374 dispersa
779 2310 835 2374 per
859 2307 977 2357 manus
999 2286 1193 2354 officialium
1216 2289 1247 2354 S.
1270 2291 1492 2370 inquisitionis
1518 2313 1548 2352 n.
1574 2287 1621 2373 (3)

642 2472 674 2532 (t)
690 2468 775 2517 nonus
787 2470 827 2518 hio
838 2473 970 2518 extractus
981 2471 1020 2515 est
1034 2479 1067 2514 ex
1078 2465 1235 2528 praelatione
1246 2468 1273 2515 in
1283 2469 1446 2530 operationes
1457 2467 1646 2516 astronomicas
1658 2469 1686 2518 in
1698 2469 1742 2517 Pi-

568 2562 631 2600 rano
640 2549 820 2598 Obsenatorio
831 2549 942 2605 babilas,
951 2550 977 2595 et
988 2561 1030 2596 an.
1044 2550 1104 2595 titt
1115 2547 1141 2594 in
1152 2547 1239 2595 lucem
1250 2549 1370 2610 proditas.
1383 2550 1488 2599 Falsum
1498 2552 1537 2598 est
1549 2549 1657 2598 interim
1667 2555 1744 2615 quod

567 2630 930 2682 deceterielueubratiombus
937 2629 1051 2678 lienterii
1060 2630 1109 2677 hoc
1118 2628 1176 2678 loco
1184 2630 1282 2678 dictum
1290 2633 1440 2694 estzscripta
1448 2635 1519 2682 enim
1527 2632 1622 2681 eiusde
1632 2646 1744 2697 mme-

569 2715 835 2778 triaconnographia,
845 2714 995 2775 ormotooto,
1008 2712 1142 2761 literatura
1153 2715 1179 2760 et
1191 2713 1352 2776 theologiam
1364 2729 1409 2763 sua
1420 2716 1486 2766 cella
1504 2716 1607 2764 inrenta
1619 2714 1743 2775 luerunt,

573 2802 603 2847 nt
622 2809 654 2846 ex
673 2809 714 2854 eo,
732 2797 800 2860 qnod
818 2797 944 2860 sequitur,
957 2795 1115 2853 inventario,
1131 2806 1210 2857 quem
1227 2794 1351 2844 hammus
1367 2795 1488 2859 incapite
1503 2794 1641 2847 voluminis
1662 2798 1744 2858 primi

574 2877 648 2929 tiss.
664 2877 792 2938 Renlerii,
807 2879 887 2943 quiin
900 2876 980 2927 Palat.
996 2876 1158 2927 Bibliotheca
1173 2878 1349 2928 adservantur:
1365 2879 1512 2929 lanternario
1521 2881 1589 2942 sotto
1602 2892 1744 2940 permonc

573 2964 602 3013 dt
619 2976 659 3011 me
677 2961 810 3013 Gtrotomo
835 2963 931 3016 Vareni,
947 2962 1076 3010 eittodtno
1087 2961 1185 3009 Pisone
1201 2975 1214 3008 e
1230 2962 1317 3011 norror
1331 2962 1407 3021 citt,
1419 2963 1627 3023 concelliereper
1642 2961 1668 3008 lo
1683 2976 1746 3024 ερο-

573 3047 626 3106 olio
641 3047 697 3095 otto
708 3058 836 3109 protenso
854 3050 880 3093 et
894 3045 985 3092 ordine
999 3044 1041 3094 del
1060 3043 1143 3095 dicito
1159 3043 1202 3094 ltl.
1219 3056 1232 3091 e
1248 3044 1310 3093 Res.
1324 3045 1373 3104 sio.
1389 3044 1467 3092 Piero
1477 3044 1598 3106 dyostint
1609 3043 1744 3092 cononice

573 3127 659 3177 Penii.
675 3128 743 3177 dello
757 3126 850 3176 cirtem
863 3125 1017 3187 primoztole
1031 3126 1059 3174 di
1069 3124 1147 3179 Piso,
1163 3125 1192 3171 tn
1207 3131 1297 3187 onesta
1308 3130 1385 3186 porte
1396 3124 1571 3173 subcollettore
1582 3126 1741 3186 oportolico,

573 3209 638 3259 delle
659 3208 778 3256 sortitura
799 3212 867 3254 stote
885 3207 1011 3255 ritrooote
1027 3206 1092 3254 netto
1110 3206 1208 3268 epoolto
1221 3206 1290 3268 [otto
1308 3220 1356 3268 per
1371 3206 1397 3254 lo
1413 3207 1445 3255 li.
1464 3206 1572 3256 Comere
1588 3206 1742 3267 apostolico

573 3292 636 3342 detti
655 3290 736 3354 effettt
756 3290 859 3338 rtmoatt
879 3296 906 3338 et
926 3289 1049 3338 ritrooott
1065 3291 1148 3351 doppo
1167 3289 1194 3337 ln
1210 3295 1291 3338 morte
1309 3289 1351 3338 del
1372 3291 1451 3338 molto
1466 3290 1528 3340 lieo.
1548 3289 1580 3339 Ρ.
1597 3288 1656 3337 non
1680 3290 1744 3339 Vin·

574 3375 658 3422 centio
673 3373 779 3422 dionunt
794 3373 903 3425 dionaeo
926 3373 1075 3429 Ottoetono,
1096 3373 1186 3421 lettore
1206 3375 1235 3423 di
1253 3375 1431 3421 mottemotteo
1446 3376 1475 3422 tn
1495 3379 1584 3435 questo
1605 3373 1698 3423 Studio
1714 3375 1744 3423 dt

572 3457 647 3505 Piso.
668 3455 763 3506 Omnia
777 3456 842 3505 baec
867 3457 961 3519 scripta
982 3457 1073 3506 tradita
1097 3455 1203 3505 inerunt
1222 3455 1317 3520 Magno
1337 3455 1456 3505 Etruriae
1477 3455 1562 3514 liuci,
1583 3454 1628 3518 qui
1649 3460 1740 3517 postea

571 3535 682 3588 Viriano
706 3549 737 3585 ea
754 3538 862 3587 donasse
880 3541 951 3600 patet
966 3550 999 3586 ea
1015 3538 1192 3601 authograpba
1213 3538 1378 3586 adnotatione
1405 3537 1536 3599 ejusdem,
1561 3548 1627 3600 quae
1643 3534 1742 3598 legitur

572 3621 599 3670 in
628 3620 685 3670 loeo
711 3621 887 3682 supracitato:
913 3620 1006 3682 Questo
1026 3621 1111 3683 foscio
1131 3622 1159 3670 dt
1182 3621 1267 3669 scritti
1290 3620 1362 3668 norit
1380 3620 1422 3669 del
1439 3633 1468 3680 ρ.
1489 3621 1515 3668 d.
1537 3620 1607 3668 l'tne.
1633 3617 1741 3666 tieniert

572 3704 702 3752 olinetono
721 3703 759 3751 mt
776 3702 807 3764 {n
827 3710 980 3764 comeonoto
996 3704 1018 3752 it
1033 3705 1061 3752 dt
1077 3707 1108 3752 it
1126 3701 1227 3763 Gtoono
1244 3707 1305 3752 litto
1322 3704 1440 3762 (recondo
1456 3700 1625 3750 l'tncentorio
1640 3699 1741 3747 inseloeo

571 3786 617 3836 otte
638 3798 671 3833 ne
688 3783 800 3847 suscito
817 3797 835 3832 o
850 3784 915 3832 Ptro
931 3786 976 3834 dot
996 3786 1111 3834 mtntrtrt
1127 3786 1154 3834 dt
1168 3784 1255 3835 dione.
1273 3782 1392 3844 Nomio)
1409 3783 1453 3833 dol
1469 3783 1516 3844 aio.
1540 3783 1663 3832 senatore
1683 3780 1739 3829 An-

572 3870 636 3920 drea
654 3867 801 3929 Arrtoltettt
816 3869 843 3917 dt
857 3870 981 3918 oontondo
995 3869 1037 3918 del
1053 3869 1221 3919 serenissimo
1248 3866 1399 3924 Grondoco,
1420 3868 1557 3918 eecettnoti
1575 3868 1638 3926 perd
1659 3864 1740 3927 quelli

571 3955 614 4004 det
622 3954 760 4004 medantino
771 3953 917 4002 tricentario
928 3953 974 4002 dot
984 3951 1022 4001 It⁰
1034 3956 1045 4001 l
1058 3952 1111 4015 tino
1121 3966 1139 4000 o
1150 3957 1217 4000 tutto
1226 3952 1247 4000 tt
1256 3950 1293 4000 Νο
1307 3955 1336 4000 ltl
1344 3954 1491 4001 contemnit
1502 3953 1613 4000 menore
1624 3949 1734 3999 diverse.

646 4036 679 4098 (t)
697 4049 711 4081 r
728 4033 771 4084 Fu
787 4034 916 4096 spooltoto
941 4034 963 4082 tl
987 4047 1034 4083 ruo
1057 4035 1159 4088 studio,
1184 4035 1280 4084 credent
1305 4032 1550 4096 dolt'lnqnisitore,
1571 4033 1598 4082 di
1623 4030 1684 4079 tutti
1699 4031 1737 4091 oli

573 4130 587 4160 a
603 4119 688 4167 scritti
703 4119 761 4168 anot
776 4131 790 4166 e
805 4116 847 4167 del
864 4115 983 4172 Goltteo,
1000 4130 1013 4164 e
1030 4119 1091 4165 tutti
1107 4117 1286 4164 miseramente
1299 4119 1429 4178 perirooo.
1450 4138 1464 4167 n
1480 4118 1582 4167 Lettere
1598 4116 1694 4164 inedito
1710 4115 1739 4163 dt

577 4199 675 4246 somne
690 4199 801 4254 illustri,
817 4199 848 4248 T.
866 4197 879 4245 1
894 4211 953 4260 pag.
973 4201 1015 4257 rt,
1033 4198 1093 4247 adn.

648 4279 682 4338 (t)
699 4281 814 4330 Histoire
835 4281 879 4356 ³⁶?
898 4278 1013 4329 satanan
1030 4278 1259 4340 Mathematicus.
1288 4281 1315 4330 T.
1336 4283 1351 4331 1
1357 4285 1386 4340 V,
1400 4296 1462 4345 pao.
1479 4285 1535 4328 278.
1552 4294 1566 4324 a
1583 4280 1701 4333 lierriem',
1721 4294 1739 4326 a

573 4374 587 4404 n
603 4359 648 4420 qut
659 4360 679 4407 tl
690 4362 845 4426 (Galilaeus)
861 4363 937 4412 ooott
950 4362 1029 4426 confit
1044 4363 1080 4411 lea
1094 4361 1271 4412 observatione
1284 4366 1328 4414 dea
1341 4366 1473 4418 satellites
1483 4365 1514 4412 de
1525 4362 1638 4424 Jupiter,
1652 4368 1678 4411 et
1693 4364 1739 4424 qui

576 4455 590 4485 u
607 4442 696 4489 deoott
710 4443 746 4491 les
760 4449 862 4497 redotre
877 4462 910 4496 en
924 4447 1019 4504 tobter,
1033 4448 1071 4497 ott
1086 4449 1103 4494 d
1117 4460 1165 4495 son
1178 4448 1211 4497 lit
1226 4449 1256 4498 de
1275 4456 1342 4498 niort
1356 4463 1397 4496 aes
1407 4447 1565 4495 monnrcrtta
1572 4447 1649 4508 pillea
1663 4451 1688 4493 et
1700 4447 1740 4495 di-

580 4536 594 4566 «
610 4526 709 4584 ’timei
717 4536 768 4582 por
778 4524 814 4573 lea
827 4535 933 4591 suppeto
944 4533 978 4581 du
991 4530 1164 4596 Sotnt-Offioe.
1175 4549 1188 4580 n
1199 4530 1373 4581 lierertemur
1383 4527 1493 4576 ulterius
1505 4528 1536 4576 ad
1544 4529 1611 4578 benc
1627 4526 1739 4576 affirma·

576 4604 674 4653 tionem
684 4603 774 4653 Librii:
784 4605 910 4658 lectorem
918 4615 1005 4661 tamen
1015 4615 1164 4663 meminisse
1176 4617 1288 4675 oportet,
1300 4606 1452 4657 neoterium
1461 4608 1503 4665 tut
1519 4609 1642 4659 habemus
1654 4622 1668 4657 a
1679 4608 1738 4657 llic-

574 4686 664 4746 cioliol
683 4691 818 4737 mortuum
833 4702 889 4738 esse
906 4698 982 4740 eatro
1002 4696 1288 4756 monasteriometaua
1304 4690 1451 4753 scripit,eo
1461 4689 1579 4752 Mille,
1590 4693 1738 4756 albitum
