4109 5934
831 744 860 788 te
884 742 1016 789 sancsone
1044 741 1199 794 samoe
1514 729 1580 799 ⁴13

447 878 558 945 Lunae
579 888 691 959 corpas
724 876 759 938 in
788 877 974 938 immensum
995 891 1180 954 aupeonsus,
1202 874 1348 957 inpedire
1368 877 1493 959 possit,
1519 897 1581 960 qua

447 998 553 1071 finus
576 995 710 1077 ecipuas
733 994 800 1074 eius
821 993 994 1074 particulas
1017 993 1052 1054 in
1073 1010 1134 1057 sua
1149 995 1288 1075 puritate
1310 995 1442 1059 seorsim
1463 1012 1485 1059 a
1507 1013 1576 1060 coe-

446 1115 515 1181 tent
528 1113 671 1189 ,nancta
691 1108 942 1193 unsundissirna
964 1125 1131 1190 canescere
1150 1110 1317 1189 possimus.

533 1226 601 1297 ttae
623 1228 724 1311 ipitur
745 1226 783 1291 ob
805 1243 934 1291 caussas
956 1225 1096 1290 abstinui
1132 1242 1153 1289 a
1188 1225 1340 1290 tentanda
1372 1228 1578 1306 mccbanioa,

447 1345 707 1413 concurrentibus
731 1344 861 1425 insuper
882 1343 953 1405 attts
975 1343 1072 1407 etiam
1093 1342 1330 1426 impedimentis.

532 1463 577 1529 dt
598 1479 683 1529 nunc
706 1463 816 1527 merito
838 1468 902 1533 toa,
926 1457 1061 1526 Gatitace
1083 1461 1291 1538 sotertissime,
1314 1462 1495 1528 commendo
1525 1465 1578 1527 in·

446 1583 598 1665 dotem
620 1589 708 1649 wart
728 1578 943 1655 industriam,
975 1581 1032 1662 qui
1065 1578 1234 1661 diffidentia
1266 1580 1352 1644 amni
1373 1580 1575 1661 postbabito.

446 1709 534 1765 recto
556 1709 585 1763 te
606 1698 648 1764 ad
666 1698 827 1767 nouorum
850 1699 1063 1778 experimenta
1086 1696 1259 1770 contutisti,
1277 1696 1408 1780 jamque
1431 1706 1500 1763 orto
1519 1715 1576 1781 per

446 1826 505 1883 tua
525 1819 652 1886 incente
676 1816 816 1882 ueritatis
840 1812 933 1889 Sote,
965 1832 1072 1880 omnes
1104 1817 1181 1879 istas
1216 1814 1442 1880 titubatianum
1469 1812 1578 1880 ioroas

448 1950 521 1998 creet
543 1940 630 1999 nocte
652 1940 751 1997 matre
774 1898 937 2012 anputsrt
961 1931 1115 2015 quidquid
1133 1933 1204 2015 tisri
1218 1939 1321 2015 posset
1341 1933 1428 2015 {acto
1451 1932 1580 2000 demon

446 2051 565 2115 ctrceti.

537 2166 797 2233 demonstrante
824 2185 958 2248 apuam
984 2168 1179 2233 substantioe
1208 2169 1341 2233 coelentis
1367 2168 1577 2234 incredibilem

446 2285 646 2360 tenuitatem,
672 2300 754 2366 puae
777 2283 903 2365 quidem
925 2297 954 2346 et
977 2302 1017 2348 esc
1040 2285 1148 2365 optiris
1172 2285 1247 2348 meis
1268 2283 1323 2366 foi.
1348 2284 1410 2349 127
1430 2292 1528 2368 patet,
1550 2285 1579 2348 si

444 2403 672 2485 proportionem
694 2402 854 2468 densitatis
878 2404 959 2468 aeris
982 2402 1162 2486 adaquato
1185 2402 1326 2486 conseras
1349 2420 1423 2468 curn
1440 2420 1577 2488 propor-

445 2520 528 2588 tione
550 2520 714 2588 deneitotie
734 2522 847 2586 etberis
870 2521 912 2586 ad
932 2538 1052 2599 wem,
1069 2522 1182 2604 procui
1201 2521 1294 2586 dubio
1315 2521 1414 2587 παίω
1436 2520 1576 2604 majam:

445 2640 526 2722 poce
549 2620 663 2722 emon,
683 2639 720 2705 rit
741 2659 780 2705 nc
802 2641 1013 2706 minutissimo
1038 2641 1164 2724 quidem
1185 2642 1298 2707 stedati
1330 2642 1412 2707 orbis
1443 2639 1573 2723 (nedum

443 2757 566 2823 lunaris
588 2759 724 2840 corporis
746 2759 906 2824 stellarum
935 2758 1138 2846 bumiiiirnae)
1170 2760 1328 2842 particnto
1350 2768 1473 2825 nostros
1496 2777 1574 2823 ocu·

444 2875 489 2942 loe
511 2874 640 2959 effupiat
661 2885 716 2941 tuo
737 2879 950 2943 instrumento
975 2879 1167 2953 instantor,
1196 2878 1356 2960 meritoque
1377 2877 1451 2961 ptus
1473 2888 1576 2945 mate·

444 2994 511 3058 riae
533 2991 595 3078 (oei
615 2993 791 3081 opacitatis)
811 2997 847 3060 in
861 3013 927 3061 uno
940 2995 1055 3078 speeitii
1077 2996 1259 3078 corpusculo
1282 2997 1507 3078 interponatur
1524 2999 1577 3061 in·

446 3120 493 3176 ter
512 3111 641 3179 ocuium
661 3119 692 3176 'et
713 3129 780 3179 rens
802 3113 913 3189 risam
935 3132 1031 3195 quam
1053 3115 1089 3178 in
1113 3121 1176 3179 tata
1197 3113 1250 3177 itta
1272 3114 1422 3178 immenso
1443 3114 1576 3179 aetberis

445 3237 571 3294 tractu:
592 3229 670 3312 quia
691 3247 732 3295 erc
752 3228 805 3294 itta
826 3229 1028 3312 aliquantula
1049 3229 1181 3295 resultat
1212 3230 1409 3306 obscuritas,
1443 3247 1484 3294 en
1518 3228 1574 3294 boc

446 3344 557 3410 nnita·
579 3355 615 3410 ut
634 3365 713 3429 pene
734 3347 965 3413 concedendurn
987 3347 1142 3420 ridemur,
1168 3356 1268 3412 totum
1289 3345 1367 3410 iilud
1388 3348 1576 3412 immensum
1716 3430 1718 3433 Ι

446 3463 589 3552 spatium
606 3482 744 3528 cunum
765 3482 838 3529 esse.

537 3578 612 3646 Etsi
633 3583 733 3663 ipitur
754 3582 844 3647 aride
875 3594 967 3648 tuum
1001 3579 1137 3648 Gaiiiaee
1160 3584 1406 3647 instrumentum
1428 3593 1575 3665 expecto:

450 3706 558 3762 tamen
579 3700 608 3762 si
628 3717 692 3782 pua
715 3701 792 3765 mitti
812 3718 880 3766 sors
896 3700 1064 3784 offuipebit.
1079 3709 1115 3764 ut
1133 3699 1315 3765 mechanica
1329 3700 1454 3765 remotis
1470 3701 1576 3768 obsta

446 3814 527 3880 cutis
549 3825 669 3883 tentare
684 3819 814 3899 possim,
835 3828 962 3891 strenue
984 3837 1032 3883 me
1049 3820 1085 3883 in
1103 3819 1143 3885 iis
1161 3817 1315 3891 coercebo,
1333 3818 1428 3901 idque
1445 3821 1573 3899 nemina

443 3933 506 3999 oio.
541 3932 626 4002 Natu
658 3937 706 4001 ret
736 3938 949 4019 muttipiicobo
983 3937 1077 4003 tentu
1110 3938 1319 4020 perfectarum
1340 3937 1575 4019 spbaericarum

443 4051 518 4120 binc
540 4053 612 4119 inde
632 4057 869 4139 superficierum
892 4057 1045 4127 boissirne
1066 4059 1318 4140 assumentium,
1347 4073 1460 4140 easque
1483 4055 1575 4119 certis

442 4171 614 4237 intmodtis
636 4174 671 4238 in
693 4174 851 4240 arundine
873 4176 1047 4258 disponam,
1070 4178 1240 4242 exteriores
1262 4176 1359 4257 pauio
1382 4174 1517 4244 latiores,
1539 4181 1575 4236 at

442 4295 549 4356 tomen
570 4288 680 4355 ocutus
703 4292 792 4359 intra
814 4295 984 4358 terminum
1017 4294 1244 4359 intersectionis
1262 4292 1485 4375 paratteioru'ns
1506 4308 1574 4354 ons·

442 4404 533 4477 mum
554 4407 687 4477 ientittnt
708 4413 944 4478 mutuantur:
978 4412 1014 4477 de
1049 4412 1161 4494 ortibus
1195 4411 1336 4476 terminis
1371 4409 1440 4475 ride
1474 4408 1575 4490 optica

441 4540 513 4593 nott
534 4525 587 4607 [oi.
613 4527 677 4594 190
699 4539 729 4595 et
751 4530 803 4611 fai.
826 4529 981 4603 dbbsoet
1002 4538 1040 4595 ot
1062 4530 1097 4593 in
1118 4530 1216 4609 unica
1244 4527 1406 4612 sapricio
1437 4544 1574 4593 errorem

442 4639 498 4722 (si
518 4644 592 4724 puis
616 4656 693 4712 esset
703 4645 719 4731 )
741 4647 865 4729 {acilius
888 4648 1042 4728 corripere
1057 4647 1194 4729 poesim
1216 4663 1314 4712 unam
1341 4646 1440 4715 niam
1461 4645 1573 4713 ionum

442 4774 500 4821 seu
523 4761 686 4828 brnbonens
710 4768 858 4849 effipiaba,
881 4767 980 4833 attera
1003 4766 1163 4847 superficie
1179 4765 1321 4848 proairne
1337 4765 1446 4862 piano,
1462 4764 1574 4852 quippe
