<?xml version="1.0" encoding="UTF-8"?>
<!DOCTYPE html PUBLIC "-//W3C//DTD XHTML 1.0 Transitional//EN"
    "http://www.w3.org/TR/xhtml1/DTD/xhtml1-transitional.dtd">
<html xmlns="http://www.w3.org/1999/xhtml" xml:lang="en" lang="en">
 <head>
  <title>
</title>
<meta http-equiv="Content-Type" content="text/html;charset=utf-8" />
  <meta name='ocr-system' content='tesseract 3.04.00' />
  <meta name='ocr-capabilities' content='ocr_page ocr_carea ocr_par ocr_line ocrx_word'/>
</head>
<body>
  <div class='ocr_page' id='page_1' title='image "./leoperedigalile01vivigoog_0499.png"; bbox 0 0 4109 5934; ppageno 0'>
   <div class='ocr_carea' id='block_1_1' title="bbox 437 731 1364 796">
    <p class='ocr_par' dir='ltr' id='par_1_1' title="bbox 437 731 1364 796">
     <span class='ocr_line' id='line_1_1' title="bbox 437 731 1364 796; baseline -0.013 0"><span class='ocrx_word' id='word_1_1' title='bbox 437 731 502 796; x_wconf 74' lang='lat' dir='ltr'><strong><em>ibt</em></strong></span> <span class='ocrx_word' id='word_1_2' title='bbox 641 742 815 790; x_wconf 74' lang='lat' dir='ltr'><strong><em>enncocnnc</em></strong></span> <span class='ocrx_word' id='word_1_3' title='bbox 845 741 886 786; x_wconf 72' lang='lat' dir='ltr'><strong><em>nx</em></strong></span> <span class='ocrx_word' id='word_1_4' title='bbox 915 738 1157 785; x_wconf 76' lang='lat' dir='ltr'><strong><em>innnaoncntonc</em></strong></span> <span class='ocrx_word' id='word_1_5' title='bbox 1181 738 1209 783; x_wconf 79' lang='lat' dir='ltr'><strong><em>nt</em></strong></span> <span class='ocrx_word' id='word_1_6' title='bbox 1235 738 1364 784; x_wconf 71' lang='lat' dir='ltr'><strong><em>uincent</em></strong></span> 
     </span>
    </p>
   </div>
   <div class='ocr_carea' id='block_1_2' title="bbox 440 864 1581 4839">
    <p class='ocr_par' dir='ltr' id='par_1_2' title="bbox 440 864 1576 1080">
     <span class='ocr_line' id='line_1_2' title="bbox 440 864 1576 954; baseline -0.01 -15"><span class='ocrx_word' id='word_1_7' title='bbox 440 888 484 941; x_wconf 90' lang='lat' dir='ltr'><strong><em>tes</em></strong></span> <span class='ocrx_word' id='word_1_8' title='bbox 509 893 669 941; x_wconf 76' lang='lat' dir='ltr'><strong><em>accensere</em></strong></span> <span class='ocrx_word' id='word_1_9' title='bbox 692 873 783 954; x_wconf 81' lang='lat' dir='ltr'><strong><em>aquis</em></strong></span> <span class='ocrx_word' id='word_1_10' title='bbox 807 869 1033 951; x_wconf 83' lang='lat' dir='ltr'><strong><em>superioribus,</em></strong></span> <span class='ocrx_word' id='word_1_11' title='bbox 1056 868 1172 931; x_wconf 86' lang='lat' dir='ltr'><strong><em>scilieet</em></strong></span> <span class='ocrx_word' id='word_1_12' title='bbox 1195 866 1231 930; x_wconf 91' lang='lat' dir='ltr'><strong><em>de</em></strong></span> <span class='ocrx_word' id='word_1_13' title='bbox 1254 864 1413 940; x_wconf 85' lang='lat' dir='ltr'><strong><em>Nubibus,</em></strong></span> <span class='ocrx_word' id='word_1_14' title='bbox 1455 865 1576 936; x_wconf 80' lang='lat' dir='ltr'><strong><em>Ventis.</em></strong></span> 
     </span>
     <span class='ocr_line' id='line_1_3' title="bbox 440 990 876 1080; baseline -0.016 -22"><span class='ocrx_word' id='word_1_15' title='bbox 440 993 644 1080; x_wconf 79' lang='lat' dir='ltr'><strong><em>Presteribus,</em></strong></span> <span class='ocrx_word' id='word_1_16' title='bbox 672 990 699 1054; x_wconf 83' lang='lat' dir='ltr'><em>F</em></span> <span class='ocrx_word' id='word_1_17' title='bbox 701 990 876 1069; x_wconf 80' lang='lat' dir='ltr'><strong><em>ulpurt&#39;bus.</em></strong></span> 
     </span>
    </p>

    <p class='ocr_par' dir='ltr' id='par_1_3' title="bbox 440 1101 1581 3889">
     <span class='ocr_line' id='line_1_4' title="bbox 534 1101 1579 1192; baseline -0.007 -17"><span class='ocrx_word' id='word_1_18' title='bbox 534 1111 639 1176; x_wconf 85' lang='lat' dir='ltr'><strong><em>Tertio</em></strong></span> <span class='ocrx_word' id='word_1_19' title='bbox 648 1127 724 1192; x_wconf 85' lang='lat' dir='ltr'><strong><em>pars</em></strong></span> <span class='ocrx_word' id='word_1_20' title='bbox 736 1109 844 1190; x_wconf 87' lang='lat' dir='ltr'><strong><em>incipit</em></strong></span> <span class='ocrx_word' id='word_1_21' title='bbox 856 1126 877 1170; x_wconf 93' lang='lat' dir='ltr'><strong><em>a</em></strong></span> <span class='ocrx_word' id='word_1_22' title='bbox 887 1123 981 1171; x_wconf 84' lang='lat' dir='ltr'><strong><em>uersu</em></strong></span> <span class='ocrx_word' id='word_1_23' title='bbox 991 1112 1090 1172; x_wconf 77' lang='lat' dir='ltr'><strong><em>sento.</em></strong></span> <span class='ocrx_word' id='word_1_24' title='bbox 1097 1105 1290 1186; x_wconf 78' lang='lat' dir='ltr'><strong><em>celebratque</em></strong></span> <span class='ocrx_word' id='word_1_25' title='bbox 1305 1101 1438 1168; x_wconf 79' lang='lat' dir='ltr'><strong><em>Terram</em></strong></span> <span class='ocrx_word' id='word_1_26' title='bbox 1452 1112 1489 1168; x_wconf 91' lang='lat' dir='ltr'><strong><em>ut</em></strong></span> <span class='ocrx_word' id='word_1_27' title='bbox 1501 1103 1579 1183; x_wconf 64' lang='grc' dir='ltr'><strong><em>[κι-</em></strong></span> 
     </span>
     <span class='ocr_line' id='line_1_5' title="bbox 440 1216 1577 1308; baseline -0.011 -13"><span class='ocrx_word' id='word_1_28' title='bbox 440 1234 618 1296; x_wconf 76' lang='lat' dir='ltr'><strong><em>dementum</em></strong></span> <span class='ocrx_word' id='word_1_29' title='bbox 635 1245 740 1292; x_wconf 91' lang='lat' dir='ltr'><strong><em>rerum</em></strong></span> <span class='ocrx_word' id='word_1_30' title='bbox 756 1244 836 1308; x_wconf 80' lang='lat' dir='ltr'><strong><em>qnos</em></strong></span> <span class='ocrx_word' id='word_1_31' title='bbox 853 1226 900 1288; x_wconf 87' lang='lat' dir='ltr'><strong><em>hic</em></strong></span> <span class='ocrx_word' id='word_1_32' title='bbox 916 1223 1102 1289; x_wconf 75' lang='lat' dir='ltr'><strong><em>considerat.</em></strong></span> <span class='ocrx_word' id='word_1_33' title='bbox 1117 1216 1235 1286; x_wconf 87' lang='lat' dir='ltr'><strong><em>Omnia</em></strong></span> <span class='ocrx_word' id='word_1_34' title='bbox 1249 1223 1376 1304; x_wconf 78' lang='lat' dir='ltr'><strong><em>quippe,</em></strong></span> <span class='ocrx_word' id='word_1_35' title='bbox 1386 1230 1415 1285; x_wconf 92' lang='lat' dir='ltr'><strong><em>et</em></strong></span> <span class='ocrx_word' id='word_1_36' title='bbox 1432 1220 1577 1293; x_wconf 79' lang='lat' dir='ltr'><strong><em>Terram,</em></strong></span> 
     </span>
     <span class='ocr_line' id='line_1_6' title="bbox 441 1340 1577 1429; baseline -0.008 -17"><span class='ocrx_word' id='word_1_37' title='bbox 441 1365 569 1429; x_wconf 78' lang='lat' dir='ltr'><strong><em>eamque</em></strong></span> <span class='ocrx_word' id='word_1_38' title='bbox 584 1344 797 1409; x_wconf 71' lang='lat' dir='ltr'><strong><em>inhabitantia</em></strong></span> <span class='ocrx_word' id='word_1_39' title='bbox 813 1343 966 1408; x_wconf 86' lang='lat' dir='ltr'><strong><em>animalia</em></strong></span> <span class='ocrx_word' id='word_1_40' title='bbox 977 1341 1085 1423; x_wconf 69' lang='lat' dir='ltr'><strong><em>refert:</em></strong></span> <span class='ocrx_word' id='word_1_41' title='bbox 1095 1340 1210 1406; x_wconf 84' lang='lat' dir='ltr'><strong><em>scilicet</em></strong></span> <span class='ocrx_word' id='word_1_42' title='bbox 1221 1341 1300 1421; x_wconf 77' lang='lat' dir='ltr'><strong><em>auia</em></strong></span> <span class='ocrx_word' id='word_1_43' title='bbox 1310 1341 1478 1407; x_wconf 79' lang='lat' dir='ltr'><strong><em>oculorum</em></strong></span> <span class='ocrx_word' id='word_1_44' title='bbox 1486 1341 1577 1422; x_wconf 80' lang='lat' dir='ltr'><strong><em>judi·</em></strong></span> 
     </span>
     <span class='ocr_line' id='line_1_7' title="bbox 441 1455 1579 1543; baseline -0.008 -14"><span class='ocrx_word' id='word_1_45' title='bbox 441 1468 487 1529; x_wconf 87' lang='lat' dir='ltr'><strong><em>cio</em></strong></span> <span class='ocrx_word' id='word_1_46' title='bbox 501 1464 580 1527; x_wconf 89' lang='lat' dir='ltr'><strong><em>duae</em></strong></span> <span class='ocrx_word' id='word_1_47' title='bbox 596 1463 767 1543; x_wconf 87' lang='lat' dir='ltr'><strong><em>primariae</em></strong></span> <span class='ocrx_word' id='word_1_48' title='bbox 782 1468 857 1525; x_wconf 85' lang='lat' dir='ltr'><strong><em>sunt</em></strong></span> <span class='ocrx_word' id='word_1_49' title='bbox 867 1470 974 1541; x_wconf 88' lang='lat' dir='ltr'><strong><em>partes</em></strong></span> <span class='ocrx_word' id='word_1_50' title='bbox 989 1456 1116 1532; x_wconf 78' lang='lat' dir='ltr'><strong><em>Mundi,</em></strong></span> <span class='ocrx_word' id='word_1_51' title='bbox 1129 1456 1255 1524; x_wconf 80' lang='lat' dir='ltr'><strong><em>coelum</em></strong></span> <span class='ocrx_word' id='word_1_52' title='bbox 1267 1467 1296 1520; x_wconf 88' lang='lat' dir='ltr'><strong><em>et</em></strong></span> <span class='ocrx_word' id='word_1_53' title='bbox 1312 1455 1425 1521; x_wconf 83' lang='lat' dir='ltr'><strong><em>Terra.</em></strong></span> <span class='ocrx_word' id='word_1_54' title='bbox 1439 1455 1504 1522; x_wconf 78' lang='lat' dir='ltr'><strong><em>ldie</em></strong></span> <span class='ocrx_word' id='word_1_55' title='bbox 1518 1459 1579 1538; x_wconf 76' lang='lat' dir='ltr'><strong><em>ipi-</em></strong></span> 
     </span>
     <span class='ocr_line' id='line_1_8' title="bbox 442 1572 1578 1656; baseline -0.002 -16"><span class='ocrx_word' id='word_1_56' title='bbox 442 1587 496 1640; x_wconf 89' lang='lat' dir='ltr'><strong><em>tur</em></strong></span> <span class='ocrx_word' id='word_1_57' title='bbox 518 1576 706 1648; x_wconf 87' lang='lat' dir='ltr'><strong><em>considerat,</em></strong></span> <span class='ocrx_word' id='word_1_58' title='bbox 727 1572 857 1638; x_wconf 82' lang='lat' dir='ltr'><strong><em>Terram</em></strong></span> <span class='ocrx_word' id='word_1_59' title='bbox 882 1583 926 1637; x_wconf 93' lang='lat' dir='ltr'><strong><em>tot</em></strong></span> <span class='ocrx_word' id='word_1_60' title='bbox 942 1573 1013 1654; x_wconf 82' lang='lat' dir='ltr'><strong><em>jam</em></strong></span> <span class='ocrx_word' id='word_1_61' title='bbox 1030 1573 1161 1640; x_wconf 85' lang='lat' dir='ltr'><strong><em>saeculis</em></strong></span> <span class='ocrx_word' id='word_1_62' title='bbox 1177 1593 1242 1640; x_wconf 86' lang='lat' dir='ltr'><strong><em>non</em></strong></span> <span class='ocrx_word' id='word_1_63' title='bbox 1256 1573 1428 1647; x_wconf 85' lang='lat' dir='ltr'><strong><em>subsidere,</em></strong></span> <span class='ocrx_word' id='word_1_64' title='bbox 1445 1593 1513 1640; x_wconf 81' lang='lat' dir='ltr'><strong><em>non</em></strong></span> <span class='ocrx_word' id='word_1_65' title='bbox 1527 1575 1578 1656; x_wconf 73' lang='lat' dir='ltr'><strong><em>[c-</em></strong></span> 
     </span>
     <span class='ocr_line' id='line_1_9' title="bbox 440 1693 1578 1774; baseline 0.001 -17"><span class='ocrx_word' id='word_1_66' title='bbox 440 1696 569 1767; x_wconf 86' lang='lat' dir='ltr'><strong><em>tiscere,</em></strong></span> <span class='ocrx_word' id='word_1_67' title='bbox 592 1712 653 1756; x_wconf 86' lang='lat' dir='ltr'><strong><em>non</em></strong></span> <span class='ocrx_word' id='word_1_68' title='bbox 677 1710 791 1754; x_wconf 82' lang='lat' dir='ltr'><strong><em>ruere:</em></strong></span> <span class='ocrx_word' id='word_1_69' title='bbox 815 1709 888 1756; x_wconf 88' lang='lat' dir='ltr'><strong><em>cum</em></strong></span> <span class='ocrx_word' id='word_1_70' title='bbox 910 1701 1013 1755; x_wconf 83' lang='lat' dir='ltr'><strong><em>tamen</em></strong></span> <span class='ocrx_word' id='word_1_71' title='bbox 1039 1693 1158 1757; x_wconf 83' lang='lat' dir='ltr'><strong><em>nemini</em></strong></span> <span class='ocrx_word' id='word_1_72' title='bbox 1180 1699 1373 1773; x_wconf 88' lang='lat' dir='ltr'><strong><em>compertum</em></strong></span> <span class='ocrx_word' id='word_1_73' title='bbox 1395 1693 1461 1765; x_wconf 87' lang='lat' dir='ltr'><strong><em>sit,</em></strong></span> <span class='ocrx_word' id='word_1_74' title='bbox 1485 1711 1578 1774; x_wconf 77' lang='lat' dir='ltr'><strong><em>super</em></strong></span> 
     </span>
     <span class='ocr_line' id='line_1_10' title="bbox 440 1806 1580 1893; baseline 0 -18"><span class='ocrx_word' id='word_1_75' title='bbox 440 1810 517 1893; x_wconf 79' lang='lat' dir='ltr'><strong><em>quid</em></strong></span> <span class='ocrx_word' id='word_1_76' title='bbox 537 1809 589 1874; x_wconf 93' lang='lat' dir='ltr'><strong><em>illa</em></strong></span> <span class='ocrx_word' id='word_1_77' title='bbox 610 1808 745 1889; x_wconf 72' lang='lat' dir='ltr'><strong><em>tundata</em></strong></span> <span class='ocrx_word' id='word_1_78' title='bbox 767 1810 816 1871; x_wconf 84' lang='lat' dir='ltr'><strong><em>sit.</em></strong></span> <span class='ocrx_word' id='word_1_79' title='bbox 843 1806 915 1873; x_wconf 87' lang='lat' dir='ltr'><strong><em>Non</em></strong></span> <span class='ocrx_word' id='word_1_80' title='bbox 937 1808 1004 1873; x_wconf 87' lang='lat' dir='ltr'><strong><em>uult</em></strong></span> <span class='ocrx_word' id='word_1_81' title='bbox 1028 1809 1146 1877; x_wconf 86' lang='lat' dir='ltr'><strong><em>dooere.</em></strong></span> <span class='ocrx_word' id='word_1_82' title='bbox 1182 1808 1267 1890; x_wconf 81' lang='lat' dir='ltr'><strong><em>quad</em></strong></span> <span class='ocrx_word' id='word_1_83' title='bbox 1300 1809 1451 1890; x_wconf 79' lang='lat' dir='ltr'><strong><em>ianortmt</em></strong></span> <span class='ocrx_word' id='word_1_84' title='bbox 1480 1810 1580 1875; x_wconf 78' lang='lat' dir='ltr'><strong><em>homi·</em></strong></span> 
     </span>
     <span class='ocr_line' id='line_1_11' title="bbox 441 1925 1579 2009; baseline 0.003 -20"><span class='ocrx_word' id='word_1_85' title='bbox 441 1944 505 1998; x_wconf 87' lang='lat' dir='ltr'><strong><em>nes,</em></strong></span> <span class='ocrx_word' id='word_1_86' title='bbox 526 1925 577 1988; x_wconf 82' lang='lat' dir='ltr'><strong><em>ted</em></strong></span> <span class='ocrx_word' id='word_1_87' title='bbox 598 1925 640 1987; x_wconf 88' lang='lat' dir='ltr'><strong><em>od</em></strong></span> <span class='ocrx_word' id='word_1_88' title='bbox 662 1934 793 1989; x_wconf 88' lang='lat' dir='ltr'><strong><em>mentem</em></strong></span> <span class='ocrx_word' id='word_1_89' title='bbox 816 1943 961 1990; x_wconf 85' lang='lat' dir='ltr'><strong><em>reuocare</em></strong></span> <span class='ocrx_word' id='word_1_90' title='bbox 985 1926 1070 2009; x_wconf 74' lang='lat' dir='ltr'><strong><em>quod</em></strong></span> <span class='ocrx_word' id='word_1_91' title='bbox 1092 1928 1150 2008; x_wconf 79' lang='lat' dir='ltr'><strong><em>ipsi</em></strong></span> <span class='ocrx_word' id='word_1_92' title='bbox 1173 1926 1351 2007; x_wconf 78' lang='lat' dir='ltr'><strong><em>mplipust,</em></strong></span> <span class='ocrx_word' id='word_1_93' title='bbox 1380 1926 1579 2007; x_wconf 67' lang='lat' dir='ltr'><strong><em>maestitud-</em></strong></span> 
     </span>
     <span class='ocr_line' id='line_1_12' title="bbox 441 2042 1577 2125; baseline 0.003 -19"><span class='ocrx_word' id='word_1_94' title='bbox 441 2061 512 2108; x_wconf 87' lang='lat' dir='ltr'><strong><em>nem</em></strong></span> <span class='ocrx_word' id='word_1_95' title='bbox 532 2043 658 2115; x_wconf 82' lang='lat' dir='ltr'><strong><em>scilicet,</em></strong></span> <span class='ocrx_word' id='word_1_96' title='bbox 681 2051 710 2106; x_wconf 88' lang='lat' dir='ltr'><strong><em>et</em></strong></span> <span class='ocrx_word' id='word_1_97' title='bbox 729 2045 903 2125; x_wconf 90' lang='lat' dir='ltr'><strong><em>potentiam</em></strong></span> <span class='ocrx_word' id='word_1_98' title='bbox 930 2042 987 2106; x_wconf 82' lang='lat' dir='ltr'><strong><em>nn</em></strong></span> <span class='ocrx_word' id='word_1_99' title='bbox 1009 2047 1044 2109; x_wconf 89' lang='lat' dir='ltr'><strong><em>in</em></strong></span> <span class='ocrx_word' id='word_1_100' title='bbox 1068 2044 1227 2109; x_wconf 80' lang='lat' dir='ltr'><strong><em>creatione</em></strong></span> <span class='ocrx_word' id='word_1_101' title='bbox 1250 2052 1358 2108; x_wconf 84' lang='lat' dir='ltr'><strong><em>tantos</em></strong></span> <span class='ocrx_word' id='word_1_102' title='bbox 1382 2044 1491 2121; x_wconf 83' lang='lat' dir='ltr'><strong><em>molis,</em></strong></span> <span class='ocrx_word' id='word_1_103' title='bbox 1514 2053 1577 2109; x_wconf 73' lang='lat' dir='ltr'><strong><em>tan</em></strong></span> 
     </span>
     <span class='ocr_line' id='line_1_13' title="bbox 441 2158 1579 2243; baseline 0.002 -18"><span class='ocrx_word' id='word_1_104' title='bbox 441 2165 550 2243; x_wconf 75' lang='lat' dir='ltr'><strong><em>firmae</em></strong></span> <span class='ocrx_word' id='word_1_105' title='bbox 572 2170 599 2224; x_wconf 85' lang='lat' dir='ltr'><strong><em>et</em></strong></span> <span class='ocrx_word' id='word_1_106' title='bbox 621 2162 750 2227; x_wconf 83' lang='lat' dir='ltr'><strong><em>stabilis.</em></strong></span> <span class='ocrx_word' id='word_1_107' title='bbox 774 2158 813 2225; x_wconf 84' lang='lat' dir='ltr'><strong><em>st</em></strong></span> <span class='ocrx_word' id='word_1_108' title='bbox 838 2161 1046 2228; x_wconf 79' lang='lat' dir='ltr'><strong><em>Astronomus</em></strong></span> <span class='ocrx_word' id='word_1_109' title='bbox 1080 2161 1187 2226; x_wconf 87' lang='lat' dir='ltr'><strong><em>doceat</em></strong></span> <span class='ocrx_word' id='word_1_110' title='bbox 1223 2159 1356 2226; x_wconf 80' lang='lat' dir='ltr'><strong><em>Terram</em></strong></span> <span class='ocrx_word' id='word_1_111' title='bbox 1384 2179 1443 2243; x_wconf 85' lang='lat' dir='ltr'><strong><em>per</em></strong></span> <span class='ocrx_word' id='word_1_112' title='bbox 1477 2161 1579 2229; x_wconf 73' lang='lat' dir='ltr'><strong><em>sidera</em></strong></span> 
     </span>
     <span class='ocr_line' id='line_1_14' title="bbox 441 2280 1579 2365; baseline 0.004 -22"><span class='ocrx_word' id='word_1_113' title='bbox 441 2281 580 2361; x_wconf 71' lang='lat' dir='ltr'><strong><em>tertiis</em></strong></span> <span class='ocrx_word' id='word_1_114' title='bbox 604 2300 667 2346; x_wconf 87' lang='lat' dir='ltr'><strong><em>non</em></strong></span> <span class='ocrx_word' id='word_1_115' title='bbox 690 2286 798 2346; x_wconf 86' lang='lat' dir='ltr'><strong><em>evertit</em></strong></span> <span class='ocrx_word' id='word_1_116' title='bbox 833 2300 914 2365; x_wconf 83' lang='lat' dir='ltr'><strong><em>quae</em></strong></span> <span class='ocrx_word' id='word_1_117' title='bbox 938 2283 988 2346; x_wconf 94' lang='lat' dir='ltr'><strong><em>hic</em></strong></span> <span class='ocrx_word' id='word_1_118' title='bbox 1010 2283 1085 2347; x_wconf 89' lang='lat' dir='ltr'><strong><em>dicit</em></strong></span> <span class='ocrx_word' id='word_1_119' title='bbox 1116 2280 1246 2354; x_wconf 81' lang='lat' dir='ltr'><strong><em>Ptoltec.</em></strong></span> <span class='ocrx_word' id='word_1_120' title='bbox 1270 2298 1327 2345; x_wconf 86' lang='lat' dir='ltr'><strong><em>mc</em></strong></span> <span class='ocrx_word' id='word_1_121' title='bbox 1349 2281 1496 2347; x_wconf 76' lang='lat' dir='ltr'><strong><em>convellit</em></strong></span> <span class='ocrx_word' id='word_1_122' title='bbox 1524 2283 1579 2348; x_wconf 81' lang='lat' dir='ltr'><strong><em>ho-</em></strong></span> 
     </span>
     <span class='ocr_line' id='line_1_15' title="bbox 440 2399 1580 2482; baseline 0.002 -20"><span class='ocrx_word' id='word_1_123' title='bbox 440 2401 563 2464; x_wconf 86' lang='lat' dir='ltr'><strong><em>minum</em></strong></span> <span class='ocrx_word' id='word_1_124' title='bbox 584 2402 820 2482; x_wconf 71' lang='lat' dir='ltr'><strong><em>experientiam.</em></strong></span> <span class='ocrx_word' id='word_1_125' title='bbox 862 2400 975 2465; x_wconf 89' lang='lat' dir='ltr'><strong><em>Verum</em></strong></span> <span class='ocrx_word' id='word_1_126' title='bbox 997 2401 1081 2465; x_wconf 88' lang='lat' dir='ltr'><strong><em>enim</em></strong></span> <span class='ocrx_word' id='word_1_127' title='bbox 1103 2399 1311 2466; x_wconf 78' lang='lat' dir='ltr'><strong><em>nihilominus</em></strong></span> <span class='ocrx_word' id='word_1_128' title='bbox 1329 2410 1376 2468; x_wconf 85' lang='lat' dir='ltr'><strong><em>est</em></strong></span> <span class='ocrx_word' id='word_1_129' title='bbox 1399 2419 1469 2467; x_wconf 76' lang='lat' dir='ltr'><strong><em>nort</em></strong></span> <span class='ocrx_word' id='word_1_130' title='bbox 1491 2418 1580 2467; x_wconf 85' lang='lat' dir='ltr'><strong><em>ruere</em></strong></span> 
     </span>
     <span class='ocr_line' id='line_1_16' title="bbox 447 2516 1579 2602; baseline 0.003 -22"><span class='ocrx_word' id='word_1_131' title='bbox 447 2516 561 2584; x_wconf 83' lang='lat' dir='ltr'><strong><em>Terras</em></strong></span> <span class='ocrx_word' id='word_1_132' title='bbox 587 2518 645 2581; x_wconf 86' lang='lat' dir='ltr'><strong><em>Dei</em></strong></span> <span class='ocrx_word' id='word_1_133' title='bbox 665 2520 825 2584; x_wconf 71' lang='lat' dir='ltr'><strong><em>architecti</em></strong></span> <span class='ocrx_word' id='word_1_134' title='bbox 846 2539 939 2602; x_wconf 82' lang='lat' dir='ltr'><strong><em>opus,</em></strong></span> <span class='ocrx_word' id='word_1_135' title='bbox 973 2530 1007 2582; x_wconf 88' lang='lat' dir='ltr'><strong><em>ut</em></strong></span> <span class='ocrx_word' id='word_1_136' title='bbox 1042 2519 1138 2584; x_wconf 81' lang='lat' dir='ltr'><strong><em>solent</em></strong></span> <span class='ocrx_word' id='word_1_137' title='bbox 1175 2537 1267 2585; x_wconf 86' lang='lat' dir='ltr'><strong><em>ruere</em></strong></span> <span class='ocrx_word' id='word_1_138' title='bbox 1303 2527 1415 2585; x_wconf 77' lang='lat' dir='ltr'><strong><em>nostra</em></strong></span> <span class='ocrx_word' id='word_1_139' title='bbox 1438 2519 1579 2602; x_wconf 73' lang='lat' dir='ltr'><strong><em>aedificia</em></strong></span> 
     </span>
     <span class='ocr_line' id='line_1_17' title="bbox 442 2637 1578 2720; baseline 0.004 -21"><span class='ocrx_word' id='word_1_140' title='bbox 442 2643 595 2700; x_wconf 83' lang='lat' dir='ltr'><strong><em>uetustate</em></strong></span> <span class='ocrx_word' id='word_1_141' title='bbox 625 2648 654 2700; x_wconf 89' lang='lat' dir='ltr'><strong><em>et</em></strong></span> <span class='ocrx_word' id='word_1_142' title='bbox 683 2640 768 2702; x_wconf 86' lang='lat' dir='ltr'><strong><em>carie</em></strong></span> <span class='ocrx_word' id='word_1_143' title='bbox 802 2649 1010 2720; x_wconf 85' lang='lat' dir='ltr'><strong><em>consumpto,</em></strong></span> <span class='ocrx_word' id='word_1_144' title='bbox 1032 2656 1098 2704; x_wconf 85' lang='lat' dir='ltr'><strong><em>nott</em></strong></span> <span class='ocrx_word' id='word_1_145' title='bbox 1132 2637 1282 2705; x_wconf 85' lang='lat' dir='ltr'><strong><em>inclinari</em></strong></span> <span class='ocrx_word' id='word_1_146' title='bbox 1306 2639 1348 2702; x_wconf 87' lang='lat' dir='ltr'><strong><em>ad</em></strong></span> <span class='ocrx_word' id='word_1_147' title='bbox 1369 2638 1495 2712; x_wconf 77' lang='lat' dir='ltr'><strong><em>nure.</em></strong></span> <span class='ocrx_word' id='word_1_148' title='bbox 1516 2657 1578 2704; x_wconf 73' lang='lat' dir='ltr'><strong><em>non</em></strong></span> 
     </span>
     <span class='ocr_line' id='line_1_18' title="bbox 444 2754 1581 2826; baseline 0.005 -10"><span class='ocrx_word' id='word_1_149' title='bbox 444 2754 568 2818; x_wconf 87' lang='lat' dir='ltr'><strong><em>turbari</em></strong></span> <span class='ocrx_word' id='word_1_150' title='bbox 589 2755 672 2817; x_wconf 85' lang='lat' dir='ltr'><strong><em>sedes</em></strong></span> <span class='ocrx_word' id='word_1_151' title='bbox 694 2756 915 2826; x_wconf 87' lang='lat' dir='ltr'><strong><em>animantium.</em></strong></span> <span class='ocrx_word' id='word_1_152' title='bbox 939 2757 1106 2821; x_wconf 89' lang='lat' dir='ltr'><strong><em>consistere</em></strong></span> <span class='ocrx_word' id='word_1_153' title='bbox 1127 2764 1245 2819; x_wconf 85' lang='lat' dir='ltr'><strong><em>montet</em></strong></span> <span class='ocrx_word' id='word_1_154' title='bbox 1269 2764 1298 2818; x_wconf 88' lang='lat' dir='ltr'><strong><em>et</em></strong></span> <span class='ocrx_word' id='word_1_155' title='bbox 1320 2755 1433 2821; x_wconf 89' lang='lat' dir='ltr'><strong><em>littora</em></strong></span> <span class='ocrx_word' id='word_1_156' title='bbox 1454 2757 1581 2821; x_wconf 80' lang='lat' dir='ltr'><strong><em>immota</em></strong></span> 
     </span>
     <span class='ocr_line' id='line_1_19' title="bbox 443 2871 1579 2956; baseline 0.003 -23"><span class='ocrx_word' id='word_1_157' title='bbox 443 2879 555 2935; x_wconf 85' lang='lat' dir='ltr'><strong><em>contro</em></strong></span> <span class='ocrx_word' id='word_1_158' title='bbox 580 2873 713 2951; x_wconf 87' lang='lat' dir='ltr'><strong><em>impetus</em></strong></span> <span class='ocrx_word' id='word_1_159' title='bbox 744 2880 910 2935; x_wconf 87' lang='lat' dir='ltr'><strong><em>uentorum</em></strong></span> <span class='ocrx_word' id='word_1_160' title='bbox 947 2881 976 2936; x_wconf 91' lang='lat' dir='ltr'><strong><em>et</em></strong></span> <span class='ocrx_word' id='word_1_161' title='bbox 1001 2873 1179 2956; x_wconf 73' lang='lat' dir='ltr'><strong><em>(luctuum,</em></strong></span> <span class='ocrx_word' id='word_1_162' title='bbox 1215 2880 1249 2935; x_wconf 93' lang='lat' dir='ltr'><strong><em>ut</em></strong></span> <span class='ocrx_word' id='word_1_163' title='bbox 1283 2879 1379 2936; x_wconf 86' lang='lat' dir='ltr'><strong><em>eraut</em></strong></span> <span class='ocrx_word' id='word_1_164' title='bbox 1410 2871 1454 2935; x_wconf 88' lang='lat' dir='ltr'><strong><em>ab</em></strong></span> <span class='ocrx_word' id='word_1_165' title='bbox 1479 2872 1579 2936; x_wconf 79' lang='lat' dir='ltr'><strong><em>initio</em></strong></span> 
     </span>
     <span class='ocr_line' id='line_1_20' title="bbox 443 2986 1578 3072; baseline -0.002 -19"><span class='ocrx_word' id='word_1_166' title='bbox 443 2986 618 3072; x_wconf 74' lang='lat' dir='ltr'><strong><em>Subiuupit</em></strong></span> <span class='ocrx_word' id='word_1_167' title='bbox 639 2998 745 3055; x_wconf 85' lang='lat' dir='ltr'><strong><em>autem</em></strong></span> <span class='ocrx_word' id='word_1_168' title='bbox 771 2989 888 3056; x_wconf 81' lang='lat' dir='ltr'><strong><em>Psaltec</em></strong></span> <span class='ocrx_word' id='word_1_169' title='bbox 911 2991 1155 3071; x_wconf 88' lang='lat' dir='ltr'><strong><em>pulcherrimam</em></strong></span> <span class='ocrx_word' id='word_1_170' title='bbox 1174 2991 1384 3072; x_wconf 72' lang='lat' dir='ltr'><strong><em>hypotyposin</em></strong></span> <span class='ocrx_word' id='word_1_171' title='bbox 1404 2990 1578 3071; x_wconf 80' lang='lat' dir='ltr'><strong><em>separmio-</em></strong></span> 
     </span>
     <span class='ocr_line' id='line_1_21' title="bbox 445 3106 1577 3193; baseline -0.001 -21"><span class='ocrx_word' id='word_1_172' title='bbox 445 3111 493 3174; x_wconf 86' lang='lat' dir='ltr'><strong><em>nis</em></strong></span> <span class='ocrx_word' id='word_1_173' title='bbox 517 3109 675 3174; x_wconf 84' lang='lat' dir='ltr'><strong><em>undarum</em></strong></span> <span class='ocrx_word' id='word_1_174' title='bbox 698 3127 719 3173; x_wconf 94' lang='lat' dir='ltr'><strong><em>a</em></strong></span> <span class='ocrx_word' id='word_1_175' title='bbox 741 3110 987 3173; x_wconf 83' lang='lat' dir='ltr'><strong><em>continentibus:</em></strong></span> <span class='ocrx_word' id='word_1_176' title='bbox 1011 3118 1207 3193; x_wconf 77' lang='lat' dir='ltr'><strong><em>exornatque</em></strong></span> <span class='ocrx_word' id='word_1_177' title='bbox 1229 3126 1300 3173; x_wconf 85' lang='lat' dir='ltr'><strong><em>eam</em></strong></span> <span class='ocrx_word' id='word_1_178' title='bbox 1317 3108 1487 3190; x_wconf 73' lang='lat' dir='ltr'><strong><em>adjectione</em></strong></span> <span class='ocrx_word' id='word_1_179' title='bbox 1503 3106 1577 3186; x_wconf 75' lang='lat' dir='ltr'><strong><em>soti·</em></strong></span> 
     </span>
     <span class='ocr_line' id='line_1_22' title="bbox 445 3223 1579 3308; baseline 0.001 -21"><span class='ocrx_word' id='word_1_180' title='bbox 445 3227 535 3300; x_wconf 88' lang='lat' dir='ltr'><strong><em>tium,</em></strong></span> <span class='ocrx_word' id='word_1_181' title='bbox 559 3236 588 3288; x_wconf 91' lang='lat' dir='ltr'><strong><em>et</em></strong></span> <span class='ocrx_word' id='word_1_182' title='bbox 611 3225 800 3298; x_wconf 86' lang='lat' dir='ltr'><strong><em>utilitatum,</em></strong></span> <span class='ocrx_word' id='word_1_183' title='bbox 823 3243 903 3308; x_wconf 81' lang='lat' dir='ltr'><strong><em>quat</em></strong></span> <span class='ocrx_word' id='word_1_184' title='bbox 927 3226 1074 3290; x_wconf 78' lang='lat' dir='ltr'><strong><em>exhibent</em></strong></span> <span class='ocrx_word' id='word_1_185' title='bbox 1096 3227 1198 3307; x_wconf 77' lang='lat' dir='ltr'><strong><em>{onus</em></strong></span> <span class='ocrx_word' id='word_1_186' title='bbox 1220 3233 1250 3288; x_wconf 87' lang='lat' dir='ltr'><strong><em>et</em></strong></span> <span class='ocrx_word' id='word_1_187' title='bbox 1269 3234 1378 3308; x_wconf 87' lang='lat' dir='ltr'><strong><em>petrae</em></strong></span> <span class='ocrx_word' id='word_1_188' title='bbox 1400 3223 1579 3289; x_wconf 72' lang='lat' dir='ltr'><strong><em>volucribus</em></strong></span> 
     </span>
     <span class='ocr_line' id='line_1_23' title="bbox 444 3340 1579 3426; baseline 0.001 -24"><span class='ocrx_word' id='word_1_189' title='bbox 444 3351 471 3402; x_wconf 91' lang='lat' dir='ltr'><strong><em>et</em></strong></span> <span class='ocrx_word' id='word_1_190' title='bbox 493 3341 755 3422; x_wconf 76' lang='lat' dir='ltr'><strong><em>quadrupedibus.</em></strong></span> <span class='ocrx_word' id='word_1_191' title='bbox 785 3341 847 3407; x_wconf 87' lang='lat' dir='ltr'><strong><em>Nee</em></strong></span> <span class='ocrx_word' id='word_1_192' title='bbox 874 3346 1021 3424; x_wconf 86' lang='lat' dir='ltr'><strong><em>praeterit</em></strong></span> <span class='ocrx_word' id='word_1_193' title='bbox 1049 3345 1286 3408; x_wconf 77' lang='lat' dir='ltr'><strong><em>mercationem</em></strong></span> <span class='ocrx_word' id='word_1_194' title='bbox 1311 3344 1488 3426; x_wconf 71' lang='lat' dir='ltr'><strong><em>superficiei</em></strong></span> <span class='ocrx_word' id='word_1_195' title='bbox 1516 3340 1579 3405; x_wconf 83' lang='lat' dir='ltr'><strong><em>Tel·</em></strong></span> 
     </span>
     <span class='ocr_line' id='line_1_24' title="bbox 445 3459 1578 3545; baseline 0.001 -24"><span class='ocrx_word' id='word_1_196' title='bbox 445 3459 521 3522; x_wconf 85' lang='lat' dir='ltr'><strong><em>luris</em></strong></span> <span class='ocrx_word' id='word_1_197' title='bbox 544 3479 565 3524; x_wconf 87' lang='lat' dir='ltr'><strong><em>a</em></strong></span> <span class='ocrx_word' id='word_1_198' title='bbox 587 3459 672 3526; x_wconf 85' lang='lat' dir='ltr'><strong><em>Mose</em></strong></span> <span class='ocrx_word' id='word_1_199' title='bbox 695 3474 967 3527; x_wconf 88' lang='lat' dir='ltr'><strong><em>commemoratam</em></strong></span> <span class='ocrx_word' id='word_1_200' title='bbox 989 3465 1072 3525; x_wconf 89' lang='lat' dir='ltr'><strong><em>inter</em></strong></span> <span class='ocrx_word' id='word_1_201' title='bbox 1093 3480 1186 3545; x_wconf 84' lang='lat' dir='ltr'><strong><em>opera</em></strong></span> <span class='ocrx_word' id='word_1_202' title='bbox 1209 3463 1268 3527; x_wconf 88' lang='lat' dir='ltr'><strong><em>diei</em></strong></span> <span class='ocrx_word' id='word_1_203' title='bbox 1292 3463 1578 3532; x_wconf 65' lang='lat' dir='ltr'><strong><em>hiericuntem</em></strong></span> 
     </span>
     <span class='ocr_line' id='line_1_25' title="bbox 444 3578 1576 3660; baseline -0.001 -20"><span class='ocrx_word' id='word_1_204' title='bbox 444 3595 583 3641; x_wconf 85' lang='lat' dir='ltr'><strong><em>accusa</em></strong></span> <span class='ocrx_word' id='word_1_205' title='bbox 603 3597 663 3643; x_wconf 85' lang='lat' dir='ltr'><strong><em>sua</em></strong></span> <span class='ocrx_word' id='word_1_206' title='bbox 686 3580 793 3659; x_wconf 87' lang='lat' dir='ltr'><strong><em>repetit</em></strong></span> <span class='ocrx_word' id='word_1_207' title='bbox 821 3580 930 3651; x_wconf 85' lang='lat' dir='ltr'><strong><em>altius,</em></strong></span> <span class='ocrx_word' id='word_1_208' title='bbox 955 3580 994 3643; x_wconf 88' lang='lat' dir='ltr'><strong><em>ab</em></strong></span> <span class='ocrx_word' id='word_1_209' title='bbox 1018 3580 1245 3644; x_wconf 87' lang='lat' dir='ltr'><strong><em>humectatione</em></strong></span> <span class='ocrx_word' id='word_1_210' title='bbox 1267 3589 1347 3660; x_wconf 89' lang='lat' dir='ltr'><strong><em>puto</em></strong></span> <span class='ocrx_word' id='word_1_211' title='bbox 1371 3578 1518 3643; x_wconf 81' lang='lat' dir='ltr'><strong><em>coelesti:</em></strong></span> <span class='ocrx_word' id='word_1_212' title='bbox 1551 3586 1576 3640; x_wconf 86' lang='lat' dir='ltr'><strong><em>et</em></strong></span> 
     </span>
     <span class='ocr_line' id='line_1_26' title="bbox 445 3695 1577 3779; baseline 0.004 -23"><span class='ocrx_word' id='word_1_213' title='bbox 445 3704 578 3759; x_wconf 77' lang='lat' dir='ltr'><strong><em>exornat</em></strong></span> <span class='ocrx_word' id='word_1_214' title='bbox 590 3699 878 3760; x_wconf 84' lang='lat' dir='ltr'><strong><em>commemoratione</em></strong></span> <span class='ocrx_word' id='word_1_215' title='bbox 891 3697 1074 3770; x_wconf 82' lang='lat' dir='ltr'><strong><em>utilitatum,</em></strong></span> <span class='ocrx_word' id='word_1_216' title='bbox 1085 3714 1165 3779; x_wconf 81' lang='lat' dir='ltr'><strong><em>quac</em></strong></span> <span class='ocrx_word' id='word_1_217' title='bbox 1178 3696 1308 3760; x_wconf 88' lang='lat' dir='ltr'><strong><em>redeunt</em></strong></span> <span class='ocrx_word' id='word_1_218' title='bbox 1323 3696 1365 3759; x_wconf 88' lang='lat' dir='ltr'><strong><em>ab</em></strong></span> <span class='ocrx_word' id='word_1_219' title='bbox 1377 3695 1434 3760; x_wconf 88' lang='lat' dir='ltr'><strong><em>illa</em></strong></span> <span class='ocrx_word' id='word_1_220' title='bbox 1445 3713 1577 3761; x_wconf 70' lang='lat' dir='ltr'><strong><em>morna-</em></strong></span> 
     </span>
     <span class='ocr_line' id='line_1_27' title="bbox 446 3812 1576 3889; baseline 0.001 -17"><span class='ocrx_word' id='word_1_221' title='bbox 446 3813 526 3875; x_wconf 89' lang='lat' dir='ltr'><strong><em>tione</em></strong></span> <span class='ocrx_word' id='word_1_222' title='bbox 547 3813 589 3875; x_wconf 86' lang='lat' dir='ltr'><strong><em>ad</em></strong></span> <span class='ocrx_word' id='word_1_223' title='bbox 605 3814 732 3887; x_wconf 87' lang='lat' dir='ltr'><strong><em>nictum,</em></strong></span> <span class='ocrx_word' id='word_1_224' title='bbox 748 3823 777 3876; x_wconf 90' lang='lat' dir='ltr'><strong><em>et</em></strong></span> <span class='ocrx_word' id='word_1_225' title='bbox 793 3815 979 3878; x_wconf 87' lang='lat' dir='ltr'><strong><em>hilaritatem</em></strong></span> <span class='ocrx_word' id='word_1_226' title='bbox 994 3814 1140 3889; x_wconf 80' lang='lat' dir='ltr'><strong><em>hominis,</em></strong></span> <span class='ocrx_word' id='word_1_227' title='bbox 1154 3823 1184 3877; x_wconf 90' lang='lat' dir='ltr'><strong><em>et</em></strong></span> <span class='ocrx_word' id='word_1_228' title='bbox 1199 3813 1372 3877; x_wconf 85' lang='lat' dir='ltr'><strong><em>bestiarum</em></strong></span> <span class='ocrx_word' id='word_1_229' title='bbox 1390 3812 1576 3878; x_wconf 90' lang='lat' dir='ltr'><strong><em>habitaculo.</em></strong></span> 
     </span>
    </p>

    <p class='ocr_par' dir='ltr' id='par_1_4' title="bbox 442 3928 1577 4839">
     <span class='ocr_line' id='line_1_28' title="bbox 536 3928 1576 4014; baseline -0.004 -19"><span class='ocrx_word' id='word_1_230' title='bbox 536 3928 661 4008; x_wconf 76' lang='lat' dir='ltr'><strong><em>(incrta</em></strong></span> <span class='ocrx_word' id='word_1_231' title='bbox 691 3949 765 4012; x_wconf 88' lang='lat' dir='ltr'><strong><em>pars</em></strong></span> <span class='ocrx_word' id='word_1_232' title='bbox 804 3932 911 4013; x_wconf 87' lang='lat' dir='ltr'><strong><em>incipit</em></strong></span> <span class='ocrx_word' id='word_1_233' title='bbox 949 3945 1043 3997; x_wconf 83' lang='lat' dir='ltr'><strong><em>versu</em></strong></span> <span class='ocrx_word' id='word_1_234' title='bbox 1080 3932 1124 3996; x_wconf 80' lang='lat'><strong><em>20</em></strong></span> <span class='ocrx_word' id='word_1_235' title='bbox 1157 3931 1313 3997; x_wconf 86' lang='lat' dir='ltr'><strong><em>celebrans</em></strong></span> <span class='ocrx_word' id='word_1_236' title='bbox 1353 3940 1490 4014; x_wconf 80' lang='lat' dir='ltr'><strong><em>quartae</em></strong></span> <span class='ocrx_word' id='word_1_237' title='bbox 1524 3928 1576 3991; x_wconf 87' lang='lat' dir='ltr'><strong><em>diei</em></strong></span> 
     </span>
     <span class='ocr_line' id='line_1_29' title="bbox 444 4047 1574 4132; baseline 0 -21"><span class='ocrx_word' id='word_1_238' title='bbox 444 4067 530 4128; x_wconf 76' lang='lat' dir='ltr'><strong><em>open,</em></strong></span> <span class='ocrx_word' id='word_1_239' title='bbox 552 4047 656 4112; x_wconf 86' lang='lat' dir='ltr'><strong><em>Solent</em></strong></span> <span class='ocrx_word' id='word_1_240' title='bbox 677 4058 704 4111; x_wconf 89' lang='lat' dir='ltr'><strong><em>et</em></strong></span> <span class='ocrx_word' id='word_1_241' title='bbox 733 4048 867 4120; x_wconf 80' lang='lat' dir='ltr'><strong><em>lunam,</em></strong></span> <span class='ocrx_word' id='word_1_242' title='bbox 891 4050 943 4113; x_wconf 85' lang='lat' dir='ltr'><strong><em>sed</em></strong></span> <span class='ocrx_word' id='word_1_243' title='bbox 964 4052 1130 4131; x_wconf 88' lang='lat' dir='ltr'><strong><em>praecipue</em></strong></span> <span class='ocrx_word' id='word_1_244' title='bbox 1157 4050 1340 4124; x_wconf 87' lang='lat' dir='ltr'><strong><em>utilitatem,</em></strong></span> <span class='ocrx_word' id='word_1_245' title='bbox 1365 4068 1450 4132; x_wconf 80' lang='lat' dir='ltr'><strong><em>auae</em></strong></span> <span class='ocrx_word' id='word_1_246' title='bbox 1473 4067 1512 4114; x_wconf 73' lang='lat' dir='ltr'><strong><em>ec</em></strong></span> <span class='ocrx_word' id='word_1_247' title='bbox 1531 4048 1574 4111; x_wconf 89' lang='lat' dir='ltr'><strong><em>di·</em></strong></span> 
     </span>
     <span class='ocr_line' id='line_1_30' title="bbox 443 4165 1575 4249; baseline 0.004 -22"><span class='ocrx_word' id='word_1_248' title='bbox 443 4167 604 4230; x_wconf 89' lang='lat' dir='ltr'><strong><em>stinctione</em></strong></span> <span class='ocrx_word' id='word_1_249' title='bbox 628 4177 798 4248; x_wconf 87' lang='lat' dir='ltr'><strong><em>temporum</em></strong></span> <span class='ocrx_word' id='word_1_250' title='bbox 821 4168 949 4231; x_wconf 86' lang='lat' dir='ltr'><strong><em>redeunt</em></strong></span> <span class='ocrx_word' id='word_1_251' title='bbox 973 4169 1014 4232; x_wconf 84' lang='lat' dir='ltr'><strong><em>acl</em></strong></span> <span class='ocrx_word' id='word_1_252' title='bbox 1036 4170 1214 4234; x_wconf 80' lang='lat' dir='ltr'><strong><em>animantia</em></strong></span> <span class='ocrx_word' id='word_1_253' title='bbox 1236 4178 1263 4231; x_wconf 91' lang='lat' dir='ltr'><strong><em>et</em></strong></span> <span class='ocrx_word' id='word_1_254' title='bbox 1288 4165 1472 4244; x_wconf 80' lang='lat' dir='ltr'><strong><em>Hominem,</em></strong></span> <span class='ocrx_word' id='word_1_255' title='bbox 1501 4183 1575 4249; x_wconf 75' lang='lat' dir='ltr'><strong><em>quat</em></strong></span> 
     </span>
     <span class='ocr_line' id='line_1_31' title="bbox 443 4284 1576 4368; baseline 0.004 -26"><span class='ocrx_word' id='word_1_256' title='bbox 443 4285 502 4362; x_wconf 88' lang='lat' dir='ltr'><strong><em>ipsi</em></strong></span> <span class='ocrx_word' id='word_1_257' title='bbox 518 4284 587 4363; x_wconf 90' lang='lat' dir='ltr'><strong><em>jam</em></strong></span> <span class='ocrx_word' id='word_1_258' title='bbox 610 4294 653 4347; x_wconf 87' lang='lat' dir='ltr'><strong><em>est</em></strong></span> <span class='ocrx_word' id='word_1_259' title='bbox 676 4285 813 4366; x_wconf 86' lang='lat' dir='ltr'><strong><em>subjecta</em></strong></span> <span class='ocrx_word' id='word_1_260' title='bbox 835 4288 991 4349; x_wconf 86' lang='lat' dir='ltr'><strong><em>materia:</em></strong></span> <span class='ocrx_word' id='word_1_261' title='bbox 1026 4297 1061 4349; x_wconf 89' lang='lat' dir='ltr'><strong><em>ut</em></strong></span> <span class='ocrx_word' id='word_1_262' title='bbox 1094 4288 1175 4351; x_wconf 90' lang='lat' dir='ltr'><strong><em>clare</em></strong></span> <span class='ocrx_word' id='word_1_263' title='bbox 1205 4295 1382 4367; x_wconf 86' lang='lat' dir='ltr'><strong><em>appareat,</em></strong></span> <span class='ocrx_word' id='word_1_264' title='bbox 1404 4288 1510 4368; x_wconf 88' lang='lat' dir='ltr'><strong><em>ipsum</em></strong></span> <span class='ocrx_word' id='word_1_265' title='bbox 1532 4285 1576 4346; x_wconf 88' lang='lat' dir='ltr'><strong><em>ltic</em></strong></span> 
     </span>
     <span class='ocr_line' id='line_1_32' title="bbox 445 4401 1577 4486; baseline 0.003 -24"><span class='ocrx_word' id='word_1_266' title='bbox 445 4418 507 4463; x_wconf 91' lang='lat' dir='ltr'><strong><em>non</em></strong></span> <span class='ocrx_word' id='word_1_267' title='bbox 530 4419 620 4480; x_wconf 83' lang='lat' dir='ltr'><strong><em>opere</em></strong></span> <span class='ocrx_word' id='word_1_268' title='bbox 644 4401 879 4466; x_wconf 82' lang='lat' dir='ltr'><strong><em>Astronomum.</em></strong></span> <span class='ocrx_word' id='word_1_269' title='bbox 905 4402 976 4468; x_wconf 89' lang='lat' dir='ltr'><strong><em>Non</em></strong></span> <span class='ocrx_word' id='word_1_270' title='bbox 999 4407 1084 4468; x_wconf 91' lang='lat' dir='ltr'><strong><em>enim</em></strong></span> <span class='ocrx_word' id='word_1_271' title='bbox 1105 4406 1260 4469; x_wconf 84' lang='lat' dir='ltr'><strong><em>omisisset</em></strong></span> <span class='ocrx_word' id='word_1_272' title='bbox 1278 4405 1472 4468; x_wconf 84' lang='lat' dir='ltr'><strong><em>mentionem</em></strong></span> <span class='ocrx_word' id='word_1_273' title='bbox 1486 4404 1577 4486; x_wconf 81' lang='lat' dir='ltr'><strong><em>quitt-</em></strong></span> 
     </span>
     <span class='ocr_line' id='line_1_33' title="bbox 445 4518 1577 4604; baseline 0.004 -26"><span class='ocrx_word' id='word_1_274' title='bbox 445 4537 503 4598; x_wconf 79' lang='lat' dir='ltr'><strong><em>que</em></strong></span> <span class='ocrx_word' id='word_1_275' title='bbox 528 4518 755 4595; x_wconf 86' lang='lat' dir='ltr'><strong><em>Planetarum,</em></strong></span> <span class='ocrx_word' id='word_1_276' title='bbox 786 4540 922 4604; x_wconf 82' lang='lat' dir='ltr'><strong><em>quotum</em></strong></span> <span class='ocrx_word' id='word_1_277' title='bbox 949 4532 1037 4586; x_wconf 89' lang='lat' dir='ltr'><strong><em>motu</em></strong></span> <span class='ocrx_word' id='word_1_278' title='bbox 1065 4524 1141 4587; x_wconf 91' lang='lat' dir='ltr'><strong><em>nihil</em></strong></span> <span class='ocrx_word' id='word_1_279' title='bbox 1167 4531 1212 4586; x_wconf 86' lang='lat' dir='ltr'><strong><em>est</em></strong></span> <span class='ocrx_word' id='word_1_280' title='bbox 1235 4522 1480 4594; x_wconf 78' lang='lat' dir='ltr'><strong><em>admirabilius.</em></strong></span> <span class='ocrx_word' id='word_1_281' title='bbox 1505 4518 1577 4582; x_wconf 79' lang='lat' dir='ltr'><strong><em>nihil</em></strong></span> 
     </span>
     <span class='ocr_line' id='line_1_34' title="bbox 442 4636 1576 4724; baseline 0.003 -28"><span class='ocrx_word' id='word_1_282' title='bbox 442 4636 623 4712; x_wconf 73' lang='lat' dir='ltr'><strong><em>pulchrius,</em></strong></span> <span class='ocrx_word' id='word_1_283' title='bbox 646 4639 724 4700; x_wconf 88' lang='lat' dir='ltr'><strong><em>nihil</em></strong></span> <span class='ocrx_word' id='word_1_284' title='bbox 756 4641 838 4720; x_wconf 82' lang='lat' dir='ltr'><strong><em>quod</em></strong></span> <span class='ocrx_word' id='word_1_285' title='bbox 861 4641 896 4703; x_wconf 88' lang='lat' dir='ltr'><strong><em>de</em></strong></span> <span class='ocrx_word' id='word_1_286' title='bbox 921 4640 1097 4705; x_wconf 83' lang='lat' dir='ltr'><strong><em>Conditoris</em></strong></span> <span class='ocrx_word' id='word_1_287' title='bbox 1129 4642 1316 4724; x_wconf 87' lang='lat' dir='ltr'><strong><em>sapientiam</em></strong></span> <span class='ocrx_word' id='word_1_288' title='bbox 1350 4650 1483 4712; x_wconf 72' lang='lat' dir='ltr'><strong><em>tentetur</em></strong></span> <span class='ocrx_word' id='word_1_289' title='bbox 1517 4638 1576 4701; x_wconf 85' lang='lat' dir='ltr'><strong><em>eoi·</em></strong></span> 
     </span>
     <span class='ocr_line' id='line_1_35' title="bbox 446 4752 982 4839; baseline 0.017 -29"><span class='ocrx_word' id='word_1_290' title='bbox 446 4752 565 4814; x_wconf 76' lang='lat' dir='ltr'><strong><em>dontius</em></strong></span> <span class='ocrx_word' id='word_1_291' title='bbox 588 4757 673 4835; x_wconf 88' lang='lat' dir='ltr'><strong><em>apud</em></strong></span> <span class='ocrx_word' id='word_1_292' title='bbox 695 4759 822 4838; x_wconf 84' lang='lat' dir='ltr'><strong><em>eosqui</em></strong></span> <span class='ocrx_word' id='word_1_293' title='bbox 845 4760 982 4839; x_wconf 88' lang='lat' dir='ltr'><strong><em>copiunt.</em></strong></span> 
     </span>
    </p>
   </div>
   <div class='ocr_carea' id='block_1_3' title="bbox 0 0 2067 5934">
    <p class='ocr_par' dir='ltr' id='par_1_5' title="bbox 0 0 2067 5934">
     <span class='ocr_line' id='line_1_36' title="bbox 0 0 2067 5934; baseline 0 0"><span class='ocrx_word' id='word_1_294' title='bbox 0 0 2067 5934; x_wconf 95' lang='lat' dir='ltr'><strong><em> </em></strong></span> 
     </span>
    </p>
   </div>
  </div>
 </body>
</html>
