4109 5934
847 741 1088 787 rnonurrn
1500 729 1541 793 19

374 878 534 943 referebat
562 875 724 941 vivianus
752 873 840 959 (Vita
854 873 1012 960 deduci),
1035 878 1090 940 ubi
1123 883 1259 940 narrata
1282 878 1425 942 lienierii
1450 896 1542 943 mor-

377 993 426 1064 te,
454 994 488 1051 et
510 984 687 1050 amissione
707 985 1009 1065 manuscriptorum
1028 985 1214 1065 deplorata,
1233 985 1384 1066 subjicit:
1410 1008 1427 1045 ιι
1447 988 1542 1051 Alius

379 1118 395 1156 «
420 1097 574 1177 equidem
585 1099 698 1171 tentet,
714 1093 775 1158 sibi
789 1094 929 1175 gloriam
941 1093 1059 1176 perditi
1072 1094 1180 1177 operis
1192 1095 1385 1171 attribuens,
1397 1097 1542 1178 seipsum
1579 1138 1586 1149 ·

377 1227 394 1264 ιι
420 1212 591 1270 auctorem
618 1204 803 1279 declarare,
824 1210 863 1268 ut
888 1203 1028 1268 honores
1055 1211 1089 1268 et
1118 1207 1265 1286 praemia
1291 1206 1351 1270 sibi
1375 1207 1542 1289 decerpat:

379 1339 396 1379 ιι
421 1335 550 1400 semper
577 1323 688 1381 tamen
715 1317 876 1399 primatus
902 1322 934 1380 et
964 1316 1164 1380 inventionis
1187 1317 1316 1399 gloria,
1338 1317 1460 1381 summi
1480 1317 1544 1380 erit

380 1449 397 1487 ιι
422 1428 526 1492 nostri
549 1426 688 1493 Galilaei
710 1432 772 1490 etc.
796 1420 840 1510 (1)
854 1450 883 1488 ιι.
907 1426 950 1489 Et
968 1424 996 1489 si
1019 1425 1139 1490 ultima
1163 1426 1215 1490 his
1241 1427 1419 1509 potissimis
1443 1443 1545 1508 argu·

377 1539 497 1603 mentis
530 1537 659 1602 sanctio
687 1535 889 1616 requiratur,
919 1535 1102 1615 accipiatur
1123 1554 1166 1599 er
1189 1535 1268 1612 hoc,
1290 1537 1379 1617 quod
1406 1536 1545 1609 scilicet,

378 1665 422 1711 ex
443 1648 525 1712 urbe
539 1646 669 1727 pisana,
688 1644 810 1725 scripta
829 1643 910 1707 haee
928 1644 1041 1708 omnia
1057 1644 1091 1707 in
1113 1644 1301 1709 Palatinam
1317 1645 1544 1729 migraverint.

470 1754 540 1818 llac
564 1750 719 1818 historica
738 1753 927 1818 narratione
947 1751 1146 1835 praemissa,
1162 1753 1286 1820 directe
1313 1755 1547 1839 aggrediamur

381 1863 488 1928 thesin
499 1881 599 1944 quam
610 1863 812 1946 inprincipio
823 1863 1004 1946 postumus,
1016 1868 1049 1927 et
1060 1881 1149 1929 nunc
1161 1865 1281 1929 iterum
1293 1866 1482 1947 repetimus,
1496 1863 1548 1926 ri·

381 1970 513 2035 delicet:
534 1975 856 2035 lucubrationes
868 1988 892 2031 a
903 1973 1081 2032 Galliae·
1095 1974 1204 2034 clm
1214 1977 1329 2035 rovr-
1340 1977 1547 2036 satellites

378 2082 613 2156 perductae,
631 2092 807 2151 quarum
820 2074 993 2134 aulul·
1012 2090 1087 2148 per
1100 2077 1300 2136 duee-tu
1314 2079 1402 2137 fere
1416 2094 1553 2138 anns

379 2189 693 2262 deplorabatur,
716 2187 761 2244 Ιι
786 2191 818 2244 Ι.
844 2185 886 2242 ct
907 2188 952 2240 ll.
980 2182 1161 2241 l'lttlana
1191 2184 1377 2242 Palatina
1401 2186 1552 2244 Biblio-

379 2294 498 2351 tlreea
517 2292 686 2350 cunetae
708 2286 994 2362 npetu-rur,
1012 2292 1045 2346 et
1059 2283 1194 2363 quidem
1212 2284 1245 2346 in
1260 2288 1470 2366 sequentibus
1485 2289 1551 2355 Co-

385 2391 513 2455 dieibus
537 2387 593 2474 (2):

388 2573 402 2617 ιι
420 2567 465 2605 se:
484 2555 620 2605 Gioclsrei
631 2556 738 2620 proicite
748 2569 809 2606 roso
820 2560 847 2607 ds·
863 2557 929 2607 belle
944 2560 1046 2607 ecuucs'
1060 2559 1106 2607 elia
1123 2561 1148 2607 ic
1163 2560 1191 2607 ei
1207 2571 1235 2607 ro
1251 2560 1308 2608 dire
1324 2561 1353 2609 s'rr
1367 2562 1413 2609 ele
1426 2562 1551 2611 'distenso

390 2656 404 2685 ιι
421 2652 435 2686 s
454 2639 484 2686 s'rs
501 2638 547 2687 cle
570 2641 690 2690 mooiero
713 2643 785 2691 mann
809 2643 892 2693 oncis
914 2657 991 2694 mirso
1008 2645 1028 2692 i'
1039 2646 1161 2695 cecitate.
1180 2645 1233 2696 Ora
1248 2647 1274 2696 io
1289 2659 1344 2696 non
1359 2647 1424 2696 rolsl
1439 2649 1551 2712 replirar

390 2740 404 2769 ιι
421 2722 488 2772 altro
504 2736 552 2807 per
567 2737 620 2774 non
636 2725 683 2776 dar
698 2731 823 2790 sospetto.
833 2727 878 2778 lla
891 2735 989 2779 rennta
1002 2728 1092 2780 l'altra
1108 2742 1166 2780 sera
1176 2731 1213 2780 mi
1228 2730 1295 2781 disse
1312 2732 1362 2781 che
1377 2731 1464 2795 quella
1475 2732 1550 2781 stella

389 2824 403 2853 ιι
419 2819 472 2855 nors
486 2819 534 2855 era
547 2808 597 2871 piu
615 2805 707 2865 Giooe,
732 2823 777 2859 mo
801 2823 847 2858 ero
875 2812 983 2872 Venere,
1005 2812 1073 2862 dalle
1093 2814 1163 2879 quali
1181 2815 1231 2865 due
1248 2826 1309 2865 cose
1325 2816 1350 2864 io
1367 2828 1400 2864 ne
1417 2830 1480 2867 caro
1497 2831 1549 2866 una

390 2909 405 2938 ιι
421 2903 602 2954 cunsepnenza
620 2892 770 2953 bellissima,
787 2895 838 2944 che
855 2894 879 2944 ia
897 2909 911 2944 a
926 2896 981 2945 mio
997 2909 1053 2959 pro.
1071 2897 1134 2957 Lui,
1154 2892 1183 2947 la
1199 2899 1282 2962 prima
1300 2912 1371 2958 sera,
1388 2899 1444 2948 dice
1461 2900 1510 2948 elre
1527 2898 1551 2947 la

391 2993 405 3023 ι
422 2975 502 3025 Stella
524 2976 619 3026 reduta
642 2978 657 3024 e
682 2975 780 3036 (llere,
800 2990 815 3027 c
832 2979 881 3029 che
896 2979 974 3030 ruole
990 2986 1178 3031 seommettere
1194 2983 1245 3032 clre
1261 2996 1339 3033 seara
1354 2982 1472 3032 occhlsle
1487 2982 1549 3031 vuol

394 3077 407 3106 ιι
424 3073 546 3124 soorgere
561 3062 570 3110 i
584 3059 726 3115 Pianetini:
739 3061 755 3110 l’
763 3061 829 3113 altra
844 3076 902 3113 sera
917 3064 974 3113 dice
991 3066 1041 3115 che
1058 3064 1145 3128 quella
1161 3079 1215 3116 non
1225 3068 1241 3114 d
1251 3065 1345 3125 Giare,
1357 3067 1425 3115 mad
1437 3065 1551 3115 Venere:

395 3161 408 3190 ιι
420 3144 546 3207 adunque
564 3157 597 3194 ne
614 3157 697 3210 rengo
713 3145 740 3194 in
757 3147 925 3210 cognitione,
943 3147 992 3196 cire
1015 3147 1053 3197 lui
1075 3161 1129 3197 uon
1145 3148 1202 3199 ride
1221 3148 1227 3195 i
1245 3144 1390 3202 Pinnetini;
1408 3145 1552 3196 evolando

394 3247 407 3275 ι
425 3229 462 3278 lui
482 3231 570 3293 giocar
585 3229 610 3278 di
627 3242 702 3292 saper
717 3230 794 3280 dirmr
810 3242 887 3280 senza
904 3230 1020 3280 oochiale
1037 3232 1065 3280 in
1077 3231 1126 3280 elie
1143 3230 1260 3280 maniera
1272 3231 1368 3287 stienu,
1380 3228 1487 3291 bisogna
1503 3227 1553 3276 alre

391 3331 405 3359 ιι
421 3314 495 3363 abila
510 3313 621 3379 qualche
637 3329 698 3366 cosa
713 3316 763 3365 elna
779 3327 866 3379 gnene
882 3314 938 3365 dica
953 3299 970 3363 o
986 3316 1079 3367 mostri
1096 3328 1173 3365 senza
1190 3314 1207 3363 l'
1218 3313 1344 3363 orchiale.

462 3415 476 3445 ιι
492 3395 547 3447 Che
563 3399 605 3461 poi
620 3400 647 3448 ln
664 3403 757 3462 questo
773 3398 882 3462 negorio
898 3399 935 3447 mi
950 3399 1034 3462 reglis
1050 3398 1113 3448 ildar
1130 3397 1227 3454 d'altri.
1247 3409 1301 3446 nun
1313 3396 1347 3445 ho
1358 3407 1409 3447 oon
1420 3395 1475 3451 clri;
1493 3407 1509 3444 e
1525 3407 1553 3442 se

393 3500 406 3528 ιι
423 3481 505 3531 aressi
520 3495 588 3531 anco
605 3495 658 3532 non
670 3481 695 3530 lo
712 3481 789 3542 farei,
801 3482 851 3531 elne
867 3482 906 3533 ro'
917 3481 982 3532 iarlo
993 3483 1024 3531 da
1036 3495 1091 3538 me.
1104 3482 1153 3531 ene
1171 3482 1205 3531 lro
1222 3486 1294 3530 tauta
1309 3479 1463 3529 conlidenza
1478 3490 1551 3532 seco,

396 3582 408 3612 ιι
425 3566 475 3615 circ
491 3565 528 3615 mi
543 3566 628 3624 basta,
646 3565 764 3616 durando
788 3578 860 3615 esser
883 3578 944 3614 seco
968 3565 1168 3614 demandassera
1193 3578 1208 3612 a
1232 3563 1312 3614 veder
1333 3561 1437 3612 Venere
1453 3554 1556 3610 falcata.

404 3665 417 3694 ι
432 3647 493 3697 Cosl
508 3660 605 3698 ancora
621 3647 688 3697 farlo
703 3659 793 3711 sapere
804 3648 826 3698 a'
835 3647 946 3697 Padroni
962 3647 1069 3708 (Moeno
1082 3648 1162 3708 llice)
1174 3660 1227 3695 non
1244 3645 1338 3703 rottei,
1352 3645 1492 3693 inllntanto
1503 3655 1557 3692 non

398 3748 411 3777 ιι
429 3744 460 3780 ee
476 3731 527 3781 n‘d
544 3731 622 3795 indizp'
640 3731 684 3794 piu
700 3731 841 3781 manifesti.

469 3814 546 3867 «ll'd
557 3814 709 3878 dispiacinto
718 3815 745 3863 in
754 3817 869 3863 estremo
877 3813 902 3863 la
911 3813 1026 3864 malattia
1033 3812 1101 3863 della
1111 3811 1163 3876 sig.
1174 3811 1265 3861 Madre
1273 3822 1313 3858 ec.
1323 3826 1337 3855 s
1348 3811 1359 3871 (
1367 3808 1434 3858 idid.
1444 3808 1485 3858 cl.
1499 3810 1561 3867 103)

468 3897 655 3960 Fropmerrtuos
669 3898 794 3960 epistolas
810 3897 925 3959 ejusdem
939 3899 978 3947 ad
995 3899 1124 3957 eumdem,
1135 3896 1191 3946 diei
1202 3898 1230 3943 sl
1242 3893 1354 3956 Aprilis:
1371 3889 1468 3940 «Circa
1478 3889 1561 3939 rl‘ne-

397 3998 413 4028 ιι
430 3981 504 4044 gorio
514 3980 555 4032 del
565 3980 749 4045 Siphnum,
761 3980 826 4032 latta
836 3980 860 4031 la
870 3979 1016 4029 commedio
1025 3979 1056 4042 (²)
1067 3978 1214 4030 intendero,
1226 3975 1353 4038 scoprird,
1361 3974 1441 4024 redrd
1448 3970 1560 4036 qualche

399 4081 414 4112 o
431 4077 507 4122 cusat
518 4064 637 4124 bestamo
648 4066 685 4124 io,
696 4066 752 4116 sard
760 4066 822 4129 ogni
829 4078 889 4115 cosa
896 4078 948 4114 con
959 4062 1118 4126 niligenas.»
1130 4060 1219 4122 (MSS.
1232 4059 1338 4110 Vicions'
1347 4057 1411 4107 Η.
1429 4056 1482 4106 Vol.
1504 4053 1560 4109 Vll,
1664 4085 1670 4091 .

400 4149 440 4199 cli.
459 4151 519 4211 st).
536 4148 601 4209 Sed,
617 4149 671 4199 sire
688 4147 807 4199 callidior
822 4152 892 4198 esset
908 4160 988 4210 eques
1008 4146 1129 4203 Cosimo,
1150 4144 1204 4195 sire
1228 4142 1260 4192 ad
1283 4140 1362 4202 nujm
1385 4135 1562 4199 impediendas

398 4231 601 4297 perquisitionos
615 4231 684 4282 aliud
700 4234 892 4295 opponeretur,
910 4244 965 4280 non
982 4228 1093 4280 ulterius
1109 4228 1211 4278 ridetur
1228 4238 1271 4275 res
1288 4235 1438 4288 progressa,
1451 4219 1561 4282 ideoque

397 4315 575 4378 manuscripta
591 4315 660 4379 apud
676 4313 845 4378 Agostiniunr
862 4313 1020 4362 remansisse
1038 4315 1174 4374 putantur.

467 4402 500 4463 (r)
518 4417 532 4448 ι
547 4380 622 4450 rans
634 4412 687 4462 por
702 4398 782 4457 ιιιιι,
800 4397 980 4446 somnos
996 4395 1062 4444 aero
1076 4392 1174 4454 sarem
1190 4390 1311 4438 ιιιιιιιιι
1327 4387 1369 4437 ιιι
1383 4387 1471 4447 primo
1487 4384 1568 4433 osseo.

392 4498 407 4527 o
423 4484 535 4545 pistore,
550 4481 655 4543 [erasm
671 4486 763 4530 nectere
780 4491 829 4540 per
849 4483 968 4526 estrorrre
984 4475 1071 4537 premi
1090 4476 1121 4523 ed
1137 4472 1212 4519 coors'
1221 4504 1228 4526 ,
1243 4470 1290 4518 elis
1305 4481 1404 4529 semprs
1420 4468 1440 4515 il
1453 4466 1567 4527 primore

393 4579 410 4609 a
426 4578 439 4613 e
455 4565 483 4614 lo
497 4567 582 4627 pierio
598 4564 813 4616 dell's'oosnsicnc
830 4562 894 4611 sord
910 4560 952 4609 dcl
967 4565 1056 4607 nostro
1072 4569 1139 4618 pron
1158 4554 1260 4604 Gulilee
1275 4566 1311 4601 ec.
1322 4570 1337 4600 o

468 4651 500 4713 (l)
513 4649 546 4699 Ut
557 4649 590 4699 ab
608 4649 682 4699 initio
693 4648 813 4708 diximus,
832 4657 955 4710 praesens
967 4640 1156 4693 demonstratio
1166 4637 1331 4690 solummodo
1342 4632 1449 4686 Galilaei
1461 4631 1562 4681 labores

467 4783 493 4839 (·)
507 4787 629 4830 &modias
651 4785 733 4838 alludit,
757 4795 807 4837 qnae
831 4794 842 4822 a
867 4778 958 4833 prtrieiis
980 4779 1074 4820 Pisanum
1098 4787 1143 4819 nior
1167 4780 1208 4818 erat
1234 4774 1322 4828 spendo,
1343 4771 1369 4812 de
1387 4767 1480 4823 qnajsrn
1504 4767 1562 4802 antra

404 4859 510 4913 scripsero
524 4861 550 4901 ad
564 4857 683 4903 viriacum.
