4109 5934
459 730 522 792 180

450 874 589 935 tlalilaeo
605 874 878 952 opportunitatem,
894 875 967 950 quia
982 873 1057 934 hora
1076 876 1178 946 tertia,
1201 895 1271 937 soro
1291 879 1377 941 illius
1396 881 1456 942 diei
1480 890 1615 960 quatuor

451 972 603 1034 satellites
616 971 699 1034 levis
715 989 786 1033 oum
805 972 870 1050 ipso
890 971 1010 1032 contusi
1037 973 1275 1052 aspiciebantur.
1299 978 1388 1040 ltccte
1410 979 1614 1061 Philosophus

450 1080 680 1154 argumentatus
691 1073 828 1152 estquod
840 1068 871 1131 (D
882 1072 1058 1152 procederet
1070 1076 1108 1135 ad
1121 1093 1306 1155 apogaeum,
1321 1083 1382 1140 tres
1392 1086 1492 1141 autem
1507 1082 1560 1142 alii
1573 1084 1613 1141 ad

365 1213 367 1219 -
449 1193 571 1253 augam,
584 1180 677 1253 atque
698 1174 787 1236 dictis
797 1173 873 1235 locis
884 1181 984 1236 essent
998 1183 1104 1238 exacte
1117 1176 1152 1242 d>
1164 1177 1239 1238 hora
1255 1176 1286 1248 5,
1299 1173 1333 1240 G)
1350 1178 1425 1240 hora
1441 1178 1609 1251 1,(111011

448 1275 483 1345 6,
503 1270 538 1338 (l)
552 1275 628 1335 liora
642 1273 677 1345 9,
692 1274 769 1336 tacta
785 1276 972 1353 computatio
993 1293 1010 1335 a
1026 1276 1100 1336 solis
1113 1292 1244 1349 occasu;
1262 1293 1342 1354 quae
1353 1277 1412 1339 loci
1427 1279 1561 1341 conditio
1571 1282 1611 1340 at»

448 1375 514 1452 ipso
531 1374 613 1435 diota
633 1372 689 1434 tuit
708 1372 846 1433 monimo
865 1373 1038 1454 conjunctio
1051 1373 1114 1434 diei
1128 1373 1290 1437 tentorio·
1314 1394 1364 1436 aa.
1385 1376 1461 1438 1611
1477 1377 1532 1456 (P.
1551 1380 1611 1443 111.

450 1477 519 1537 dod
548 1478 579 1537 V.
600 1474 646 1535 eia.
668 1474 734 1553 19),
754 1480 846 1552 atque
866 1476 987 1554 sumpta
1010 1475 1067 1536 tuit
1086 1479 1189 1554 utpote
1211 1475 1292 1537 basis
1319 1493 1447 1537 suorum
1473 1478 1609 1538 calculo-

447 1595 529 1649 rum,
548 1575 697 1655 signando
718 1592 812 1652 supra
834 1574 923 1636 dictis
943 1575 1029 1637 horis
1049 1574 1164 1654 medus
1183 1575 1248 1635 0.ss
1263 1591 1319 1654 pro
1331 1573 1530 1638 Satellitibus.
1552 1577 1608 1638 llic

445 1686 548 1741 autem
568 1676 656 1738 nobis
678 1676 767 1737 liceat
797 1692 969 1754 supponere
990 1691 1026 1736 ae
1048 1675 1167 1738 solvere
1187 1675 1410 1755 objectionem,
1430 1694 1527 1754 quam
1549 1676 1605 1738 lor·

446 1787 525 1842 tasse
546 1779 658 1856 aliquis
679 1775 816 1857 prolerre
837 1782 958 1855 posset,
977 1792 1016 1836 eo
1045 1775 1128 1853 quod
1148 1776 1277 1837 habetur
1299 1775 1406 1836 omem
1428 1781 1567 1855 tempore
1587 1779 1607 1834 0

445 1881 477 1942 in
498 1898 578 1960 auge
596 1884 626 1941 et
646 1880 677 1939 in
699 1878 842 1957 perigaeo
854 1893 862 1943 ;
885 1876 962 1937 idest
982 1894 1019 1937 eo
1051 1876 1132 1955 quod
1154 1877 1261 1938 codem
1283 1883 1422 1956 tempore
1446 1878 1522 1938 llaec
1549 1879 1608 1938 dut»

444 1984 555 2060 puncta
577 1979 809 2041 considerantur
826 1977 918 2038 veluti
937 1977 1123 2056 principium
1137 1984 1167 2040 et
1187 1976 1258 2040 finis
1275 1984 1391 2051 motus,
1406 1979 1605 2040 dummodoo

444 2083 475 2142 iu
496 2097 559 2141 uuo
578 2079 745 2140 eorundem
767 2079 982 2157 aequipararet
996 2096 1043 2157 gr.
1059 2077 1116 2139 tuo
1141 2080 1173 2141 in
1198 2080 1270 2140 alio.
1286 2079 1506 2160 Huiuscemodi
1529 2080 1603 2140 ditii-

443 2177 562 2250 cultas,
582 2182 616 2237 ut
635 2176 761 2237 evidens
781 2182 846 2249 est,
867 2176 954 2237 vertit
973 2177 1057 2238 cirea
1077 2175 1289 2240 contusionem
1321 2179 1482 2257 positionis
1507 2182 1603 2240 orien-

443 2277 514 2340 talis
535 2277 568 2339 in
588 2275 822 2348 occidentalem,
843 2276 1086 2349 autumaretur,
1117 2295 1198 2355 quae
1221 2284 1401 2356 sequeretur
1420 2278 1604 2343 calculando

444 2380 476 2440 iu
495 2395 569 2452 uuo,
589 2377 758 2455 edentque
778 2375 945 2448 invitatio,
966 2393 1026 2437 non
1048 2384 1152 2438 autem
1172 2396 1211 2438 ex
1231 2394 1353 2449 errore,
1372 2378 1426 2456 qui
1442 2381 1604 2457 provenire

442 2482 545 2557 posset
554 2479 723 2539 innumero
737 2476 888 2556 maduum
901 2476 1251 2540 commemorandum
1268 2495 1309 2540 ex
1324 2496 1397 2541 vcro
1411 2488 1530 2560 puncto
1541 2500 1604 2543 mo-

447 2580 538 2641 tionis
557 2577 779 2658 cujuscumque
792 2576 975 2639 Satellitum.
986 2576 1058 2650 Quo
1071 2578 1185 2657 posito,
1206 2576 1245 2639 ad
1266 2581 1482 2658 corrigendam
1498 2582 1603 2663 hujus·

444 2680 526 2742 modi
548 2679 759 2741 contusionem
781 2678 940 2758 positionis
968 2684 1088 2758 oportet
1114 2684 1147 2740 ut
1176 2678 1303 2744 Satelles
1329 2689 1461 2761 ponatur
1484 2683 1517 2744 in
1543 2685 1601 2745 situ
1639 2745 1644 2760 ,

445 2779 601 2840 contrario
632 2777 679 2838 1111
711 2793 804 2855 quem
835 2776 926 2837 habet
946 2776 979 2838 in
999 2776 1171 2852 Jorilabio,
1196 2785 1288 2858 atque
1309 2781 1479 2860 accipiatur
1509 2801 1601 2862 eppo

441 2881 518 2943 situs
538 2897 687 2942 numerus
714 2877 883 2958 graduum,
914 2877 1083 2940 secundum
1114 2880 1197 2957 quod
1226 2899 1351 2945 neeesse
1378 2881 1435 2944 tuit
1464 2881 1603 2945 Gatttaeo

442 2981 474 3042 iu
505 2978 649 3041 omnibus
678 2977 808 3040 calculis
838 2975 1020 3039 habentibus
1041 2977 1178 3041 radicem
1210 2980 1270 3041 diei
1303 2979 1341 3041 15
1371 2981 1474 3044 llartii
1495 3000 1602 3063 supra-

441 3081 524 3143 dicti.
555 3079 698 3159 Exempli
730 3079 833 3159 gratia
864 3078 896 3139 in
927 3079 1208 3142 restitutioue‘diei
1241 3081 1280 3141 27
1304 3081 1441 3163 ejusdem
1472 3085 1600 3154 mensis,

442 3199 536 3261 quam
559 3180 722 3243 attulimus
741 3197 810 3259 pag.
831 3177 904 3254 118,
924 3180 1040 3259 gradus
1059 3179 1121 3241 utu
1145 3187 1315 3260 spectantes
1339 3183 1378 3244 ad
1407 3182 1440 3247 (D
1458 3184 1602 3246 deberent

442 3281 588 3342 exhibere
609 3280 691 3341 huuc
712 3280 745 3341 in
765 3279 971 3352 occidentem,
985 3280 1074 3342 sicuti
1095 3273 1136 3355 (1),
1157 3287 1248 3360 atque
1268 3275 1315 3356 Θ,
1331 3283 1383 3345 sed
1399 3291 1506 3346 eontra
1525 3285 1602 3364 aspi·

437 3384 538 3446 cimus
560 3384 662 3462 ipsum
681 3381 890 3454 morientem,
906 3381 994 3460 juxta
1016 3382 1099 3459 quod
1124 3399 1218 3462 supra
1233 3383 1349 3446 dietum
1366 3389 1430 3457 est,
1449 3402 1532 3463 quae
1552 3403 1599 3445 re-

439 3501 509 3546 vera
531 3489 576 3545 est
597 3483 707 3563 positio
727 3500 822 3563 quam
846 3483 1030 3544 haberemus
1051 3484 1082 3544 in
1097 3481 1265 3559 lorilabio,
1278 3485 1310 3547 in
1332 3476 1596 3565 quoprineipium

439 3589 539 3644 motus
560 3589 638 3645 esset
658 3583 678 3643 0
698 3583 730 3644 in
752 3600 903 3662 apogaeo,
923 3590 953 3643 et
974 3581 1034 3643 180
1054 3583 1086 3644 iu
1107 3601 1195 3663 auge.

520 3681 558 3742 lli
580 3683 671 3762 primi
704 3681 817 3745 calculi
849 3681 993 3743 exhibent
1014 3683 1189 3744 necessario
1219 3683 1352 3764 majores
1373 3687 1601 3749 incertitudines

441 3789 533 3860 atque
554 3780 646 3842 dubia
668 3798 762 3858 quam
794 3781 906 3841 caeteri
928 3797 1050 3853 omnes,
1076 3787 1110 3842 ut
1140 3782 1356 3847 adnotabimus
1377 3785 1409 3847 iu
1429 3788 1601 3868 principio,

438 3882 558 3960 quoties
578 3880 788 3942 necessarium
809 3880 868 3940 erit
889 3881 964 3941 haee
980 3880 1011 3941 in
1029 3898 1194 3961 progressu
1217 3883 1332 3945 adverti
1347 3885 1510 3962 electore,
1532 3888 1597 3950 siue

442 3981 549 4043 labore
570 3996 628 4042 suo
644 3979 749 4058 aliquo
771 3977 818 4039 rel
840 3984 974 4056 stupore.
