4109 5934
847 753 1091 804 euocatus
1507 746 1547 810 17

380 905 517 964 canens,
530 886 625 952 novis
637 885 678 951 ab
692 906 733 952 eo
748 887 883 952 detectis
897 890 1080 972 planetibus
1101 900 1167 954 toto
1179 891 1291 955 animo
1303 892 1480 974 plaudebat
1493 891 1548 978 (t).

383 1001 582 1081 Expressam
609 1000 749 1079 denique
772 1001 998 1079 probationem
1025 1002 1183 1064 contrarii
1208 1002 1365 1066 habemus
1387 1003 1421 1067 in
1447 1004 1547 1067 literis

381 1107 585 1188 inquisitoris
612 1107 756 1181 Fanani,
779 1107 965 1173 Florentiae
988 1109 1089 1184 datis,
1118 1111 1170 1174 dio
1194 1111 1237 1177 23
1270 1112 1349 1176 iulii
1383 1113 1468 1179 1638
1502 1115 1545 1176 ad

376 1217 587 1281 cardinalem
607 1218 838 1283 Barberinum:
859 1220 893 1282 in
916 1220 1036 1300 quibus
1061 1220 1141 1284 dum
1171 1221 1241 1301 ipse
1264 1222 1381 1285 asserit
1404 1223 1547 1288 Batavos

386 1328 525 1409 Legatos
535 1326 659 1390 iterum
672 1325 827 1390 institisse
839 1327 927 1408 apud
943 1326 1128 1392 Galilaeam
1141 1347 1201 1410 pro
1222 1331 1354 1411 negotio
1371 1330 1550 1410 longitudi-

379 1436 432 1499 nis
448 1436 659 1510 statuendae,
670 1442 704 1500 et
715 1436 1011 1517 impossibilitatem
1027 1441 1178 1522 exponit,
1189 1442 1224 1504 in
1235 1458 1302 1522 qua
1319 1442 1546 1525 philosophus,

375 1544 478 1623 magis
502 1560 575 1605 cum
594 1541 694 1623 capsis
715 1545 752 1605 ia
774 1543 955 1625 sepulchro,
975 1565 1071 1628 quossi
1093 1566 1166 1611 cum
1187 1558 1290 1613 mente
1316 1552 1351 1613 in
1372 1553 1548 1618 molirentu-

384 1653 456 1716 ticis
478 1651 607 1724 studiis,
623 1657 709 1727 erat,
725 1652 769 1715 ad
785 1655 1026 1734 perficiendum
1045 1674 1128 1738 opus
1146 1659 1356 1738 requisitum,
1381 1662 1461 1728 liaeo
1484 1664 1547 1726 ad-

383 1761 447 1825 dit:
474 1782 491 1820 «
516 1768 561 1836 et,
586 1762 740 1842 quamvis
758 1763 832 1844 ipso
856 1764 889 1827 id
916 1766 950 1828 in
979 1772 1134 1849 promptu
1161 1768 1305 1845 hanuet,
1332 1771 1385 1835 laio
1415 1791 1547 1855 quoque

383 1891 405 1928 a
426 1870 543 1945 tortor,
566 1871 655 1950 quod
689 1872 841 1937 Altitudo
863 1874 977 1955 Magni
998 1873 1102 1938 Ducis
1126 1875 1262 1939 minime
1289 1884 1456 1958 pateretur
1489 1881 1547 1944 in-

382 1979 517 2062 «signe
539 1997 622 2063 opas
644 1981 687 2045 ad
710 1999 831 2047 manas
848 1990 993 2058 exteras,
1009 1984 1172 2048 hereticas
1193 1991 1225 2050 et
1241 1987 1443 2069 principibus
1454 1991 1545 2054 oltri-

379 2109 402 2146 u
424 2089 541 2154 stianis
564 2092 739 2169 adversas,
761 2095 935 2175 pervenire
959 2117 976 2157 s
1000 2093 1064 2180 (2).

471 2201 684 2279 Quaesumus
698 2221 757 2279 an,
780 2204 861 2268 dum
885 2212 1041 2288 ageretur
1055 2206 1095 2269 de
1110 2208 1222 2281 rebus,
1236 2225 1302 2271 non
1317 2212 1471 2289 inquam,
1494 2228 1549 2274 re-

385 2311 659 2394 prehensibilibus
673 2333 789 2379 coram
812 2315 1042 2396 inquisitione,
1058 2333 1176 2379 verum
1193 2317 1403 2381 solummodo
1425 2318 1548 2396 dubiis,

379 2427 492 2502 posset
507 2423 577 2503 ipse
602 2425 778 2504 inquisitor
802 2426 882 2489 haec
906 2427 1005 2489 verba
1021 2426 1148 2490 iaceret

474 2533 508 2597 3·
526 2535 611 2599 Nam
634 2535 662 2598 si
685 2535 987 2616 manuscriptorum
1008 2535 1176 2617 subreptio
1198 2537 1404 2617 inquisitioni
1421 2537 1548 2600 adscri-

377 2641 487 2706 benda
502 2649 599 2720 esset,
614 2645 717 2726 quod,
736 2645 845 2710 denuo
868 2645 1061 2727 repetimus,
1077 2645 1219 2729 theologi
1240 2645 1425 2712 cardinalis
1442 2646 1546 2713 Etru-

382 2751 451 2815 riae
464 2753 617 2816 dedecori
631 2759 825 2829 verteretur,
839 2771 1049 2835 nequaquam
1059 2752 1271 2817 maletaetum
1281 2755 1328 2818 ita
1338 2756 1482 2820 celatum
1497 2773 1550 2818 re-

382 2883 517 2932 manere
533 2866 706 2949 potuisset,
721 2874 759 2932 ut
775 2867 906 2932 nullum
918 2867 1068 2949 ejusdem
1081 2867 1260 2941 indicium,
1277 2884 1343 2929 non
1361 2870 1490 2930 tanturn
1506 2865 1549 2928 ad

377 2982 540 3052 caeteros,
563 2994 664 3056 quam
683 2977 726 3041 ad
744 2977 904 3059 Magnum
927 2974 1070 3051 Ducem,
1087 2976 1302 3058 peruenisset:
1319 2976 1375 3055 qui
1394 2992 1547 3039 noneam

382 3084 589 3168 diligentiam
609 3085 648 3148 in
670 3086 869 3166 requirendo
888 3088 1067 3167 posuisset,
1085 3086 1125 3149 de
1151 3103 1218 3165 qua
1237 3085 1336 3148 reiert
1354 3084 1549 3159 Ricciolius,

380 3211 549 3275 quamque
561 3195 598 3258 in
615 3194 718 3258 literis
734 3195 776 3258 ad
792 3195 901 3276 ipsum
913 3195 1095 3277 principem
1112 3193 1279 3259 Hodierna
1292 3193 1469 3257 confirmat
1485 3188 1544 3275 (3).

474 3303 508 3367 i·
526 3304 684 3380 Tandem,
699 3304 915 3369 existentibus
933 3304 1029 3369 hodie
1048 3305 1200 3369 omnibus
1217 3303 1268 3366 his
1280 3301 1443 3385 operibus,
1458 3308 1491 3364 et
1508 3303 1550 3364 ab

377 3411 594 3494 inquisitione
611 3412 746 3477 minime
770 3413 1055 3494 provenientibus,
1071 3429 1203 3478 necesse
1225 3418 1274 3476 est
1297 3413 1339 3474 ab
1363 3411 1417 3487 iis,
1437 3411 1471 3473 io
1490 3410 1550 3473 de·

381 3522 513 3604 perdito
538 3523 673 3599 habitis,
697 3540 829 3586 omnem
853 3522 1004 3604 eiusdem
1029 3521 1254 3602 inquisitionis
1278 3521 1411 3601 culpam
1435 3517 1552 3582 exclu-

450 3783 486 3843 (1)
501 3815 566 3832 ....
583 3779 656 3830 soen
670 3780 784 3830 asseclas
795 3813 837 3830 u.
853 3787 967 3843 repertos
979 3814 986 3826 .
997 3814 1019 3826 ..
1039 3781 1118 3828 Docte
1134 3787 1178 3827 tuo
1196 3778 1314 3827 Galliaco
1329 3778 1408 3825 vitro.
1427 3774 1550 3830 Venturi,

377 3863 455 3913 Tum.
473 3868 499 3924 t,
517 3879 574 3929 pag.
589 3868 629 3915 ⁸2

455 3949 487 4010 (i)
500 3962 542 3998 -ae
558 3949 661 4012 quondo
678 3947 792 3996 l'csesss
808 3953 887 3996 acuto
902 3948 932 3996 tn
943 3946 1064 4002 termine,
1079 3946 1126 3992 s'd
1144 3946 1258 3993 discorso
1267 3941 1350 3990 aneis
1360 3953 1421 4003 quc,
1431 3938 1477 3988 cles
1494 3949 1553 3999 qus·

377 4046 399 4080 rs
412 4032 446 4080 st'
456 4031 563 4080 Altczso
577 4045 631 4081 nost
645 4032 723 4080 corio
735 4041 867 4094 pesaassso
890 4030 920 4080 dt
944 4028 1067 4079 lomtarlo
1083 4029 1201 4091 copitcrs
1220 4028 1249 4074 iss
1263 4038 1342 4073 mano
1358 4024 1387 4074 di
1411 4021 1553 4074 stranieri,

380 4127 395 4157 s
410 4113 501 4162 cretici
517 4116 548 4164 sd
563 4114 662 4165 inimici
678 4113 843 4176 ds'prtnetpi
858 4114 928 4162 astiti
953 4125 1001 4161 con
1028 4117 1120 4173 questa
1136 4123 1237 4160 rosa.»
1264 4107 1295 4156 ln
1311 4109 1363 4157 rita
1380 4103 1499 4162 Galilsei,
1521 4103 1553 4151 ad
1585 4113 1587 4116 ⁴

377 4209 457 4261 quam
473 4195 683 4260 pedententim
698 4196 788 4246 sedulo
805 4194 989 4253 incumbimus,
1007 4195 1121 4257 integras
1130 4194 1301 4248 referremus,
1314 4201 1382 4254 quae
1393 4189 1455 4234 sunt
1466 4186 1553 4248 magni

372 4293 440 4332 saue
466 4280 603 4345 ponderis,
629 4286 656 4331 et
680 4293 793 4345 quarum
823 4278 981 4342 exemplaris
1006 4277 1155 4327 Florentiae
1174 4276 1363 4327 adservantur,
1384 4267 1553 4316 florentinae

376 4364 558 4430 inquisitionis
576 4364 673 4414 literas.

447 4443 483 4506 (3)
497 4443 642 4508 loquimur
659 4444 691 4494 de
711 4444 908 4507 nuncupatione
930 4455 992 4493 suae
1012 4441 1177 4502 Menologiae
1194 4437 1264 4488 loris
1279 4434 1436 4498 Compendli
1451 4434 1483 4484 ad
1499 4434 1555 4486 dla-

373 4539 458 4589 gnum
472 4525 594 4582 Etruriae
613 4526 715 4577 Ducem
727 4525 921 4576 Ferdinaadum
936 4524 976 4586 li,
992 4526 1019 4574 in
1037 4538 1088 4588 qua
1112 4524 1177 4573 haec
1194 4521 1332 4570 habemus:
1355 4535 1368 4564 a
1389 4519 1452 4568 Cum
1471 4519 1553 4578 tqtror

375 4623 394 4654 c
410 4610 440 4657 de
462 4609 533 4657 tanti
548 4607 758 4671 opsrisjceturo
778 4607 968 4656 icamuttctem
994 4605 1161 4655 celsitudinis
1181 4605 1299 4659 Vestrae,
1316 4617 1335 4651 c
1362 4603 1457 4664 Magne
1478 4601 1552 4657 Due,

373 4706 393 4737 ιι
412 4694 494 4743 etiam
506 4693 670 4744 condoluisse
686 4693 840 4756 occeperim,
853 4692 895 4740 ito
914 4697 945 4739 at
958 4691 1050 4740 eodem
1060 4689 1177 4738 lienteria·
1193 4690 1291 4750 scripto
1302 4685 1555 4749 diligenterronqut·

260 4782 262 4787 ’
372 4792 390 4822 a
406 4777 493 4834 sterit,
505 4777 565 4827 itm
573 4777 632 4842 fissi
645 4791 698 4827 nost
709 4789 786 4840 possa
796 4775 918 4838 enutrio,
930 4777 995 4838 quic
1006 4773 1148 4825 saturitati
1164 4780 1278 4829 mseras,
1297 4784 1329 4822 ec
1344 4774 1375 4821 dr
1394 4770 1482 4821 Stsltis
1499 4768 1554 4819 dte·

371 4871 392 4906 »s
408 4857 488 4907 diesis
497 4859 597 4922 ssrtptc
613 4861 761 4924 deperdito,
777 4860 820 4911 osi
838 4860 950 4920 studita,
967 4860 991 4908 si
1000 4860 1175 4923 repertantur,
1184 4859 1337 4922 gratissimo
1351 4857 1444 4919 saturo
1461 4855 1546 4903 sict.»

1398 4953 1413 4987 c
