4109 5934
442 716 486 780 dli
804 729 1052 779 annuntiatores
1075 730 1123 774 aa.
1150 710 1234 775 1010

439 863 606 927 orientalia
625 861 691 924 lori
712 861 855 942 proxima
874 865 941 921 erat
960 859 1100 921 omnium
1122 855 1269 927 minima;
1290 851 1429 931 reliquae
1451 869 1531 913 vern
1552 853 1614 914 ali·

440 970 556 1044 quanto
576 962 717 1043 majores,
738 966 829 1039 atque
850 961 928 1023 inter
949 976 982 1020 se
1002 957 1143 1038 proxime
1164 955 1317 1034 aequales.

500 1065 556 1128 Die
576 1065 625 1140 20,
647 1064 723 1127 liora
743 1063 773 1136 2,
793 1061 963 1125 consimilis
983 1060 1042 1122 luit
1061 1058 1229 1120 Stellarum
1248 1053 1421 1135 dispositio:

442 1267 487 1317 0
861 1239 1229 1343 emeno
1550 1253 1614 1302 ue

440 1478 458 1521 a
477 1459 573 1522 Stella
593 1458 737 1521 orientali
758 1458 796 1519 ad
816 1455 922 1518 lovem
944 1456 1136 1516 minutorum
1155 1453 1325 1532 primorum
1347 1447 1367 1509 5
1387 1448 1445 1511 luit
1461 1450 1614 1512 interval-

439 1555 518 1630 lum3
541 1574 558 1616 a
579 1554 654 1616 Jove
675 1554 713 1616 ad
734 1553 1001 1615 occidentalinrem
1035 1551 1109 1611 min.
1131 1567 1176 1629 pr.
1193 1550 1223 1610 7.
1243 1548 1329 1611 Duae
1357 1565 1428 1610 vern
1463 1549 1612 1610 neeiden-

439 1655 516 1717 tales
536 1654 737 1717 intermediae
752 1653 904 1714 distabant
930 1651 968 1713 ad
994 1650 1126 1712 inrieem
1141 1649 1216 1710 min.
1245 1666 1304 1710 see.
1326 1646 1380 1722 t03
1403 1647 1613 1726 propinquior

442 1772 512 1816 vero
541 1754 608 1816 lovi
641 1754 746 1816 aberat
767 1752 882 1813 abillo
906 1751 980 1812 min.
1006 1767 1052 1829 pr.
1079 1751 1106 1809 1.
1129 1747 1218 1829 lpsae
1238 1748 1358 1810 mediae
1378 1746 1531 1808 Stellulae
1552 1750 1612 1809 mi-

440 1872 530 1918 nores
549 1859 638 1918 erant
657 1852 817 1915 extremis:
838 1849 964 1912 luerunt
984 1866 1057 1911 vero
1080 1849 1250 1912 secundum
1274 1848 1403 1910 eandem
1424 1853 1548 1909 rectam
1568 1848 1608 1909 li·

439 1971 528 2017 neam
537 1955 626 2035 juxta
641 1952 762 2015 Zodiaei
776 1951 998 2031 longitudinem
1011 1955 1165 2024 extensae,
1179 1950 1237 2012 nisi
1252 1949 1335 2028 quod
1350 1949 1445 2012 trium
1459 1950 1607 2011 occiden-

443 2054 553 2114 talium
575 2053 676 2116 media
697 2051 873 2133 paullulum
895 2051 927 2113 in
949 2055 1087 2114 ausuum
1109 2049 1294 2112 deflectebat.
1321 2047 1379 2110 Sed
1400 2048 1477 2111 lrnra
1508 2050 1608 2111 nnetis

445 2161 545 2227 sexta,
566 2155 597 2216 in
619 2154 677 2216 han
697 2152 912 2216 eonstitutione
934 2152 1015 2214 visae
1036 2155 1120 2212 sunt:

442 2358 487 2408 u
852 2353 886 2423 0
997 2334 1225 2438 &nee
1542 2354 1606 2403 om

440 2553 600 2616 orientalis
620 2553 787 2615 adoindum
808 2553 921 2632 exigna
942 2557 1020 2624 erat,
1037 2551 1186 2616 distensa
1203 2550 1278 2612 lore
1299 2555 1334 2612 ut
1355 2557 1445 2611 antea
1461 2548 1539 2609 min.
1562 2567 1609 2628 pr.

440 2649 469 2712 5.
490 2650 565 2714 Tres
585 2669 657 2713 vero
677 2651 879 2713 occidentales
899 2655 929 2713 et
949 2669 967 2712 a
987 2649 1063 2714 lore
1083 2656 1115 2713 et
1127 2650 1166 2714 ad
1187 2651 1318 2714 invioem
1335 2648 1507 2727 aequaliter
1527 2648 1605 2709 diri-

441 2751 615 2825 mebantur,
631 2757 779 2829 erantque
802 2751 1045 2831 intercapedines
1065 2751 1205 2831 singulae
1225 2751 1300 2813 min.
1321 2750 1337 2811 1
1359 2766 1419 2812 see.
1438 2747 1479 2808 un
1499 2750 1607 2827 proxi-

441 2865 505 2922 me;
527 2856 557 2911 et
575 2849 668 2911 Stella
688 2848 755 2911 lovi
778 2849 909 2910 vicinior
923 2849 1053 2928 reliquis
1073 2850 1193 2911 duabus
1210 2849 1408 2928 sequentibus
1424 2847 1528 2909 minor
1551 2865 1607 2926 ap·

443 2947 583 3027 parebat:
601 2965 769 3027 omnesque
784 2949 816 3009 ln
833 2948 939 3010 eadem
956 2952 1042 3011 recta
1062 2949 1213 3028 exquisite
1230 2949 1391 3028 dispositae
1409 2946 1603 3007 videbantur.

500 3047 555 3110 llio
575 3049 623 3122 23,
639 3050 715 3111 hora
729 3050 758 3122 0,
773 3048 847 3111 min.
865 3046 904 3108 00
925 3049 964 3110 ab
984 3066 1107 3122 occasu,
1122 3049 1153 3110 in
1175 3049 1256 3111 hunc
1271 3048 1366 3111 fermo
1388 3047 1515 3109 modum
1529 3045 1607 3108 Stel-

442 3147 544 3211 larum
566 3146 742 3209 eonstitntio
763 3165 795 3210 se
817 3147 937 3209 habuit:

444 3348 488 3398 ns.
731 3347 766 3415 <p
916 3348 948 3414 0)
994 3328 1046 3431 ᾧ
1112 3360 1134 3401 a
1544 3350 1609 3400 nec.

445 3546 532 3602 erant
553 3549 611 3604 tres
632 3542 744 3604 Stellae
765 3560 835 3605 cum
857 3542 930 3605 love
950 3543 982 3605 in
1004 3547 1087 3604 recta
1109 3543 1189 3604 linea
1206 3541 1374 3603 secundum
1399 3541 1521 3603 zodiaci
1539 3543 1608 3604 lon-

440 3639 618 3719 gitudinem,
640 3643 733 3703 veluti
755 3660 875 3723 semper
896 3642 1034 3704 luerunt:
1055 3641 1220 3703 orientales
1240 3647 1329 3703 erant
1349 3641 1438 3717 duae,
1454 3660 1517 3704 una
1534 3661 1610 3704 vern

439 3737 635 3800 occidentalis
669 3740 717 3820 (1).
749 3738 936 3802 Orientalior
966 3741 1071 3802 aberat
1093 3758 1111 3802 a
1133 3740 1270 3819 sequenti
1299 3740 1373 3812 min.
1405 3759 1452 3820 pr.
1472 3742 1506 3815 73
1529 3741 1607 3805 haee

441 3853 514 3902 vern
535 3858 553 3901 a
573 3837 647 3900 love
668 3840 744 3902 min.
762 3840 791 3914 2,
812 3857 871 3902 aee.
892 3838 1105 3914 n0310visan
1124 3839 1306 3902 occidentali
1328 3841 1403 3903 min.
1424 3840 1453 3913 3,
1474 3857 1535 3901 see.
1556 3840 1608 3902 So:

439 3945 590 4020 erantque
609 3956 717 4002 omnes
740 3940 950 4020 magnitudine
964 3939 1028 4001 lere
1048 3941 1203 4018 aequales.
1219 3939 1278 4002 Sed
1297 3940 1375 4004 hora
1394 3940 1512 4019 quinta,
1526 3940 1609 4002 duae

440 4041 562 4116 Stellae,
582 4056 662 4122 quae
686 4039 772 4120 prins
791 4039 858 4102 lovi
880 4044 967 4104 erant
996 4039 1171 4119 proximae,
1194 4041 1329 4120 amplius
1347 4060 1409 4106 non
1439 4042 1610 4105 cerneban-

441 4149 505 4215 tur,
527 4140 738 4214 sublevent
759 4139 906 4214 arbitror,
926 4140 1080 4204 latitantes
1087 4159 1096 4216 ;
1119 4139 1235 4218 luitque
1255 4143 1326 4206 talis
1348 4150 1504 4223 aspectus:

441 4347 485 4395 nr.
892 4339 926 4409 p)
998 4325 1050 4429 ῥῶ
1545 4345 1609 4395 oce.

521 4784 553 4844 11)
570 4783 718 4835 videbimus
734 4788 843 4840 ulterius
861 4791 927 4843 duae
944 4794 969 4841 in
987 4792 1127 4842 occidente
1147 4789 1226 4838 inimo
1242 4788 1405 4839 coniunctae.
1420 4790 1513 4851 (Edit.)
1599 4780 1602 4789 ¹
