4109 5934
712 802 844 850 caccum
867 805 908 850 rr
931 805 1153 854 nrueunnmns
1180 810 1228 854 aa.
1254 791 1339 858 1612
1544 797 1608 863 203

531 932 630 1007 Nunc,
651 935 743 996 unico
763 936 890 1016 bujnscc
912 936 1031 1016 ligurae
1052 939 1199 1011 subsidio,
1220 939 1398 1017 Galilaous,
1418 946 1468 1007 sui
1489 964 1611 1010 samma

448 1052 489 1097 eo
518 1040 657 1113 ternpore
681 1037 839 1098 accuratio
875 1037 1003 1099 minime
1034 1039 1119 1100 cordi
1151 1046 1240 1108 erat,
1273 1057 1362 1104 snam
1387 1045 1521 1124 primam
1553 1047 1607 1109 Ta·

450 1133 570 1206 balam,
589 1134 653 1196 sive
673 1132 942 1196 adumbrationem
962 1134 1102 1198 Tabulae
1128 1135 1200 1197 Pro
1236 1158 1596 1198 β*-

449 1234 638 1312 staplreresis
673 1233 827 1307 institnit,
846 1250 948 1311 quae,
977 1234 1109 1314 demptis
1136 1236 1205 1314 qui·
1268 1195 1299 1247 T’
1323 1174 1511 1297 ζῶ
1540 1198 1571 1247 Τ”

453 1333 585 1396 busdam
618 1332 739 1395 levibus
770 1332 922 1395 scribendi
943 1333 1122 1407 erroribus,
1148 1335 1202 1396 illa
1398 1327 1409 1352 ⁰
1494 1327 1499 1347 '

449 1432 561 1495 eadem
584 1439 630 1494 est
663 1448 757 1511 qnam
784 1431 1041 1505 transcribimus,
1062 1449 1204 1512 quaeque

449 1633 519 1706 cui,
532 1634 591 1695 boc
604 1634 636 1695 in
657 1631 763 1694 codiee
779 1632 953 1711 appositum
969 1639 1014 1695 est
1029 1633 1203 1695 monitum:

452 1728 582 1792 Constat
595 1730 629 1791 ist
643 1728 906 1810 conjunctionibus
923 1737 952 1790 et
968 1731 1204 1813 oppositionibus

450 1830 533 1893 Solia
552 1849 622 1893 eurr
633 1830 707 1893 Jooc
725 1829 843 1890 sullam
860 1847 921 1890 csse
933 1832 1204 1911 proatupbsress'm:

447 1929 603 1991 mcdcatc
623 1937 725 1990 autem
749 1928 846 1989 rma
867 1947 886 1989 a
894 1928 998 2009 pomtu
1016 1930 1204 2005 intermedio,

445 2029 483 2111 με
497 2028 740 2111 prostnpberesis
760 2028 902 2089 demendo
926 2029 960 2091 iu
984 2038 1047 2090 toto
1069 2031 1203 2092 semicir-

447 2128 519 2190 eata
540 2126 623 2189 orbis
641 2127 753 2207 magni.
774 2126 899 2189 Numeri
921 2129 1042 2209 primae
1061 2131 1226 2193 columnae
1248 2132 1286 2194 ad
1307 2134 1464 2196 sinisiram
1484 2131 1610 2193 divisio-

450 2226 543 2289 nibus
572 2224 783 2305 superioribus
816 2225 934 2287 orbitae
968 2229 1120 2291 terrestris
1158 2230 1363 2308 respondent,
1393 2231 1457 2293 sivo
1490 2229 1611 2309 punctis

449 2327 667 2391 transitionem
688 2327 884 2404 superiorum
899 2327 1107 2389 chordarum:
1125 2328 1172 2389 illi
1187 2335 1290 2391 aulem
1306 2330 1435 2392 ultimae
1449 2329 1614 2390 columnae.

447 2427 489 2491 ad
508 2428 665 2489 dexteram
680 2426 802 2506 punctis
823 2426 1007 2504 respondent
1027 2429 1243 2491 transitionem
1266 2428 1465 2502 inieriorum,
1482 2431 1614 2510 ideoque

448 2533 516 2591 turn
527 2528 558 2589 bi
573 2532 639 2590 tum
653 2524 700 2588 illi
714 2532 786 2588 sunl
802 2525 917 2604 gradus
937 2527 1187 2591 commutationis
1200 2546 1208 2589 ε
1220 2529 1385 2591 columnae
1397 2529 1517 2591 mediae
1528 2528 1614 2591 exbi-

448 2628 521 2692 bsnt
533 2628 691 2711 gradnset
706 2628 828 2687 minuta
848 2624 1120 2705 Prostapberesnm
1142 2629 1372 2707 respicientium
1386 2630 1554 2692 columnas
1565 2647 1613 2691 ar-

448 2734 667 2809 gumentorum
689 2727 722 2788 in
743 2728 883 2805 margine
904 2727 987 2790 sitas.

530 2830 568 2891 At
599 2828 637 2890 ad
669 2827 914 2906 Prostaphcresis
941 2836 1160 2908 argumentum
1187 2830 1377 2903 babendum,
1409 2830 1604 2893 commodius

446 2947 545 3011 guam
565 2929 766 2992 commutatio
788 2929 911 2991 inservit
932 2929 1095 3009 elongatio.
1116 2929 1201 2992 llaec
1214 2931 1296 2993 enim
1313 2931 1403 2993 iaeilo
1418 2930 1549 3017 obtineri
1571 2930 1611 2992 ab

446 3030 697 3117 epbemeridibus
718 3032 933 3093 astronomicis
950 3038 1062 3111 polest,
1083 3031 1217 3111 simplici
1239 3031 1441 3094 subductione
1462 3029 1615 3102 adhibita,

434 3141 482 3221 ‚ct
501 3139 660 3215 praeterea
681 3132 869 3194 luculentius
884 3131 999 3194 indicat
1015 3138 1134 3212 partem
1155 3132 1274 3195 orbitae
1297 3133 1329 3194 in
1350 3149 1412 3211 qua
1436 3137 1481 3195 est
1507 3130 1614 3192 Terra.

445 3232 535 3297 Nunc
555 3251 597 3296 ex
616 3232 773 3312 triangulo
794 3230 819 3289 T
844 3229 868 3290 G
893 3230 926 3305 S,
947 3232 979 3294 in
999 3250 1076 3312 quo,
1097 3232 1296 3309 allidimus,
1317 3233 1450 3313 angulus
1474 3231 1499 3291 Τ
1524 3238 1609 3294 notat

445 3334 690 3416 elongationem,
724 3330 744 3391 S
774 3332 1067 3407 commutationem,
1107 3331 1134 3393 G
1165 3331 1449 3412 Prostapberesim,
1483 3330 1613 3393 babetur

444 3432 607 3499 manifeste
631 3431 656 3491 Τ
681 3453 721 3489 =
748 3429 822 3491 180⁰
843 3463 884 3476 —
906 3431 943 3512 [S
957 3432 1060 3511 -t-Gl.
1093 3433 1311 3496 Substituendo
1341 3434 1436 3514 igitur
1464 3425 1614 3515 gradibus

444 3531 712 3605 commutationis,
728 3530 780 3609 qui
803 3530 1009 3592 incolumnis
1030 3530 1213 3594 lateralibus
1233 3533 1444 3612 praecedentis
1472 3533 1610 3597 Tabulae

443 3635 609 3716 leguntur,
630 3630 842 3710 supplementa
868 3646 1009 3692 summae
1030 3630 1168 3709 ipsorum
1198 3646 1269 3692 eum
1295 3628 1544 3710 Prostapberesi,
1566 3651 1616 3695 ar·

439 3737 624 3813 gumentnm
637 3728 888 3793 commutationis
902 3727 934 3789 in
945 3728 1172 3807 elongationem
1186 3725 1365 3802 mutabitur,
1384 3726 1613 3812 Prostapberesi

444 3835 602 3895 manente.

507 3930 622 4014 ¹igitur
651 3936 686 3994 nt
704 3931 763 3994 sibi
795 3930 852 3992 bac
877 3931 997 3993 ratione
1018 3929 1189 3993 faciliorem
1319 3998 1327 4014 ο
1416 3979 1459 4012 aa

442 4029 689 4111 Prostapberesis
713 4024 941 4107 inquisitionem
966 4029 1108 4092 redderet
1130 4027 1189 4092 lla·
1264 4024 1313 4117 ⁰⁶{
1404 4038 1469 4072 Μ’*
1522 4043 1570 4076 ⁰¹⁸

443 4132 570 4206 lilacus,
599 4130 690 4191 vertit
718 4146 811 4208 supra
842 4129 956 4193 dictam
978 4129 1130 4192 Tabulam
1156 4130 1188 4192 ia
1238 4100 1317 4228 ⁰¹⁸⁰,
1370 4180 1401 4229 ⁰,
1422 4182 1446 4229 ff
1479 4159 1587 4228 ᾛ

442 4237 752 4313 praesentemquam
770 4229 930 4309 descripsit
950 4230 981 4290 in
998 4232 1188 4310 unospatio-
1248 4272 1302 4319 170
1368 4271 1443 4322 230
1518 4268 1552 4318 rb

440 4432 595 4495 circulum
618 4429 786 4509 majorem,
807 4428 889 4507 apud
914 4430 1086 4499 minorem,
1107 4428 1188 4504 posi·

442 4538 529 4604 tum,
552 4536 582 4593 et
602 4529 634 4591 in
654 4547 749 4608 quam
770 4528 906 4601 induxit,
922 4529 1002 4590 sicul
1022 4543 1188 4605 argumen·
1245 4542 1301 4594 uo
1367 4543 1440 4596 ⁸30

441 4630 770 4710 tum,elongationem;
788 4630 847 4693 nisi
862 4628 945 4708 quod
960 4628 997 4689 ad
1016 4628 1075 4689 boc
1095 4642 1187 4704 argn-
1246 4634 1300 4684 1³0
1349 4635 1384 4684 to
1423 4637 1441 4685 o

441 4738 581 4795 mentum
607 4730 853 4794 constituendum
874 4730 940 4792 sola
970 4727 1186 4809 supplementa
1247 4725 1302 4776 ¹¹⁰
1347 4728 1383 4778 1⁰
1402 4728 1440 4780 lit

441 4829 694 4893 commutationis
714 4829 865 4904 adbibnit,
887 4847 942 4892 nec
962 4829 1186 4902 curavitea,ul
1247 4811 1303 4863 ¹¹⁰
1346 4814 1380 4865 ¹¹
1420 4817 1439 4866 ⁰
