4109 5934
451 725 515 788 428
841 731 1041 778 nissansssto
1060 731 1194 777 deesset

531 869 650 933 Scilicet
674 869 707 928 in
730 884 799 928 mea
821 865 915 927 etiarn
939 863 1073 925 materia
1105 868 1199 923 erunt
1233 859 1386 922 miraculo
1411 857 1577 939 l’qtbaqo·

369 1018 371 1023 s
442 1005 516 1059 ras,
541 984 648 1054 Plato,
671 979 833 1053 Euclides,
856 977 940 1062 quod
962 977 1097 1041 rationis
1118 977 1317 1057 praestantia
1338 975 1481 1039 subnecti
1502 995 1580 1040 con·

443 1104 611 1172 eluserunt,
629 1099 721 1162 aliter
737 1100 858 1178 foetum
869 1114 933 1159 esse
949 1112 1014 1158 non
1031 1111 1131 1175 posse,
1152 1110 1247 1176 quam
1264 1103 1299 1156 ut
1318 1091 1403 1157 Deus
1421 1093 1577 1157 mundum

443 1220 483 1284 ad
503 1219 662 1299 exemplar
678 1207 817 1298 quiaque
836 1213 1033 1294 requlars‘nnt
1054 1215 1222 1294 eorpotmm
1244 1221 1432 1284 exornaret:
1449 1211 1520 1274 lieet
1544 1214 1578 1272 ln

444 1336 532 1400 modo
553 1335 744 1398 erraverint:
765 1332 908 1413 uulqoms
932 1339 1044 1394 contra
1067 1331 1136 1393 laus
1161 1329 1220 1393 erit
1246 1328 1425 1410 Capernici,
1448 1331 1506 1411 qui
1527 1330 1579 1392 in-

443 1455 533 1535 qenio
556 1452 680 1534 quidem
704 1469 780 1514 usus
811 1468 876 1514 non
901 1449 1050 1529 oulqmi,
1073 1448 1309 1531 descriptionem
1336 1456 1444 1511 tamen
1467 1448 1579 1511 modi

444 1573 534 1654 quasi
556 1571 713 1634 ocularem
734 1569 820 1649 lecit,
846 1568 1030 1632 solamente:
1044 1569 1077 1631 in
1100 1568 1200 1631 lucem
1222 1566 1369 1650 efferens:
1389 1565 1477 1631 cedet
1490 1567 1576 1648 ionqe

442 1690 596 1753 celeribus
615 1685 775 1768 Keplerns.
798 1689 853 1769 qui
874 1704 915 1750 ea
936 1686 1059 1751 oculari
1082 1687 1206 1751 intuitu
1222 1686 1400 1768 systematis
1427 1684 1577 1767 coperni·

350 1840 353 1845 ·
446 1809 536 1883 cani,
558 1807 652 1889 quasi
671 1831 694 1863 α
712 1830 754 1862 του
772 1818 807 1861 sn
826 1805 963 1870 aseendit
986 1806 1029 1869 ad
1051 1823 1164 1870 causas
1187 1803 1309 1869 easdem
1335 1804 1441 1888 adque
1467 1816 1496 1861 et
1511 1818 1579 1862 sees·

443 1926 526 2007 quod
549 1923 641 1988 Plato
663 1943 684 1987 a
704 1925 804 2005 priori
826 1924 956 2006 desuper
979 1933 1022 1988 tot
1045 1933 1119 1988 ante
1140 1923 1274 1988 saeculis
1295 1922 1503 2004 prodiderat:
1524 1942 1577 1988 os-

445 2043 605 2124 tenditque
627 2044 662 2104 in
684 2049 851 2123 systemate
874 2041 986 2105 mundi
1009 2041 1225 2123 Capernicano
1246 2058 1427 2123 expressam
1440 2059 1505 2104 esse
1519 2059 1578 2104 ra·

445 2163 559 2224 tionem
583 2161 721 2242 quinque
743 2177 909 2241 corporum
934 2159 1184 2225 Platonicorum.
1219 2157 1284 2223 Nec
1316 2158 1487 2224 abendon
1515 2169 1573 2222 aut

444 2276 633 2343 inuidiosum
664 2279 719 2343 boc
750 2288 816 2352 est,
840 2278 908 2344 illos
933 2280 983 2342 bis
1006 2279 1187 2360 praeferri:
1204 2277 1345 2359 postulat
1377 2277 1410 2340 id
1441 2277 1510 2359 ipsa
1529 2279 1576 2340 rei

444 2405 573 2464 natura.
596 2396 680 2463 Nam
701 2399 729 2460 si
745 2398 849 2479 major
863 2407 907 2462 est
927 2399 1029 2479 qlnria
1044 2398 1206 2462 architecti
1223 2395 1319 2477 buius
1337 2397 1464 2472 mundi,
1479 2414 1576 2479 quam

443 2516 692 2597 contemplatoris
715 2517 845 2589 mundi,
869 2518 1074 2598 quantumuis
1104 2516 1281 2596 inqeniosi‚
1302 2517 1382 2597 quia
1404 2514 1456 2579 ille
1477 2517 1575 2580 ratio·

444 2652 499 2697 nes
521 2633 659 2714 lubricae
679 2654 723 2699 ec
744 2636 844 2716 seipso
867 2634 1064 2718 deprompsit,
1083 2635 1132 2698 bie
1151 2651 1315 2716 repressas
1330 2634 1367 2696 in
1379 2633 1506 2714 [abrica
1518 2649 1575 2696 ra·

445 2752 541 2815 tiones
563 2752 621 2815 oin
642 2769 757 2832 maqno
780 2751 883 2816 labore
906 2753 1070 2832 aquoscit:
1103 2759 1186 2816 cerle
1220 2752 1277 2835 qui
1310 2767 1422 2815 rerum
1443 2767 1577 2823 cauas.

444 2876 614 2950 antequam
630 2885 680 2932 res
695 2878 807 2951 potent
821 2869 974 2943 sensibus.
997 2869 1179 2951 concipiunt
1201 2870 1338 2952 inqendo,
1362 2870 1388 2932 is'
1410 2867 1575 2934 melitecti

445 2986 606 3052 nobiliores
628 2996 704 3050 sunt
728 2987 869 3058 caeteris,
892 2987 947 3067 qui
967 2997 1037 3068 post
1055 3005 1121 3050 rem
1138 2987 1238 3052 nisam
1255 2989 1395 3068 capitant
1410 2987 1572 3052 domm.

535 3104 648 3187 ltaque
671 3124 737 3170 non
759 3104 910 3169 innidebis
927 3102 1065 3170 Galilaea
1085 3107 1201 3172 nostris
1220 3107 1467 3174 consessoribus
1482 3123 1576 3171 suant

443 3226 490 3288 bie
515 3225 647 3297 landem
665 3225 722 3306 qui
744 3224 827 3307 quad
849 3225 1026 3306 nuperrime
1052 3225 1113 3290 tuis
1135 3227 1232 3291 oeulis
1255 3226 1495 3308 deprehendisse
1515 3228 1575 3299 ais.

443 3340 487 3402 sic
508 3357 573 3402 esse
595 3348 734 3421 oportere
757 3341 812 3403 tibi
835 3348 923 3405 tanto
949 3350 1023 3405 ante
1043 3343 1281 3422 praedicerant.
1321 3341 1393 3406 Tua
1416 3343 1574 3407 nibilomi-

444 3474 503 3519 nus
523 3456 625 3536 qloria
648 3457 722 3520 baec
746 3460 816 3531 erit,
840 3458 924 3539 quod
947 3469 982 3521 ut
1008 3457 1208 3539 Cepernlcus,
1232 3469 1261 3522 et
1283 3478 1324 3524 ex
1346 3479 1382 3525 eo
1405 3478 1472 3543 eqo,
1496 3471 1574 3525 oete·

443 3572 530 3634 ribus
553 3589 688 3636 errorem
702 3573 736 3635 in
754 3573 844 3637 modo
861 3564 1156 3652 demonstrauimus,
1173 3591 1235 3658 quo
1248 3576 1408 3656 putabant
1428 3595 1574 3660 expressa

441 3707 504 3752 esse
528 3691 563 3753 in
586 3691 703 3754 mundo
727 3694 864 3774 quinque
892 3711 1047 3774 corpora:
1078 3694 1248 3759 substituto
1270 3694 1360 3758 modo
1382 3696 1526 3776 qenuino
1547 3705 1571 3758 et

442 3807 622 3880 verissimo:
647 3809 690 3870 sic
716 3817 751 3871 lu
775 3812 856 3873 banc
890 3809 999 3874 Brutii
1033 3813 1134 3876 nostri
1169 3829 1210 3875 en
1244 3810 1359 3877 Bruno
1393 3822 1572 3878 mutuatas·

441 3923 616 3988 doctrinam
638 3926 803 3999 emendas,
827 3929 945 4008 partim
968 3938 996 3991 et
1027 3931 1155 3994 dubiam
1176 3931 1288 3994 reddis.
1318 3930 1487 3996 Putabant
1496 3932 1550 3994 silli
1562 3979 1570 4003 ,

442 4043 602 4104 circumiri
630 4043 722 4104 etiam
746 4043 811 4106 alia
833 4062 965 4126 corpora
997 4048 1063 4111 suis
1099 4047 1223 4123 Lunis,
1255 4059 1290 4112 ut
1332 4047 1438 4114 Tellus
1466 4059 1570 4114 nosue

440 4177 553 4223 suom:
576 4177 684 4222 uerum
706 4160 772 4224 illos
794 4163 828 4223 in
852 4181 963 4243 qenere
979 4165 1095 4230 dixisse
1119 4167 1337 4233 demonstras:
1360 4179 1395 4234 at
1415 4171 1570 4251 putabant

440 4279 521 4355 ficas
543 4277 646 4341 stellas
669 4295 732 4341 esse
756 4297 836 4360 quae
860 4281 902 4343 sio
926 4283 1194 4357 circumirentur:
1222 4303 1352 4349 eausam
1374 4288 1471 4352 etiam
1493 4288 1569 4352 dicit

440 4393 571 4459 Brunus
595 4414 655 4459 cur
677 4407 753 4461 esset
777 4417 920 4462 necesse:
939 4404 1020 4483 finos
1046 4407 1156 4485 quippe
1180 4404 1291 4468 solaris
1313 4414 1343 4468 et
1365 4407 1478 4486 iqnem
1508 4423 1568 4471 esse

440 4517 584 4587 naturae,
604 4512 747 4593 planetas
769 4533 909 4598 aqueae:
932 4527 960 4580 et
983 4520 1052 4599 fieri
1075 4521 1139 4600 leqe
1164 4531 1301 4586 naturae
1317 4522 1514 4595 inviolabili,
1537 4532 1568 4587 ut

440 4624 561 4690 diuersa
595 4632 657 4694 isto
680 4636 919 4712 combinentur,
956 4656 1054 4720 neque
1091 4637 1147 4703 Sol
1176 4642 1333 4721 planetis,
1368 4643 1452 4722 iqnis
1487 4660 1567 4725 aqua

439 4757 519 4815 sua,
553 4765 651 4827 neque
686 4753 822 4816 uicissim
858 4757 928 4819 baec
956 4757 1004 4820 illo
1029 4775 1132 4821 carere
1155 4761 1261 4837 possit.
1291 4758 1386 4823 Hane
1412 4764 1509 4841 iqitur
1531 4760 1567 4821 il·
