4109 5934
686 695 816 782 auronae
840 736 877 780 na
902 679 1003 783 anovi
1027 738 1143 784 sancia
1166 738 1226 785 nnn
1254 722 1339 786 loos
1513 727 1578 792 395

534 868 577 934 Ut
601 865 713 931 luceat
732 866 814 930 baec
836 882 923 931 nova
947 866 1046 932 Stella
1080 875 1117 932 ut
1151 869 1308 950 reliquae,
1332 889 1396 934 non
1421 873 1517 937 insert
1541 880 1577 937 ut

441 987 561 1052 debeat
574 1001 646 1050 esse
661 984 860 1049 solidissima
880 986 1065 1050 substantia
1088 988 1192 1052 veluti
1220 988 1359 1053 credunt
1376 990 1446 1066 alii,
1461 990 1577 1055 eadem

442 1106 531 1196 enim
554 1103 592 1170 lit
616 1103 754 1168 reflexio
779 1108 811 1166 et
839 1121 859 1166 a
887 1104 1085 1168 solidissimo
1114 1123 1250 1188 corpore
1274 1111 1372 1189 atque
1401 1126 1419 1171 a
1449 1111 1575 1173 tenuis-

443 1225 537 1300 simo,
560 1227 598 1288 ut
621 1241 641 1287 a
664 1223 817 1287 nubibus.
844 1219 1000 1307 (ibidem).

533 1460 607 1540 Qua
630 1461 758 1524 ratione
781 1461 919 1540 possita
936 1463 1036 1526 Terra
1059 1438 1206 1527 maxima
1231 1464 1301 1527 lieri
1324 1466 1517 1545 evaporatio
1540 1472 1577 1529 ut

444 1576 549 1642 moles
570 1575 652 1642 adeo
672 1577 855 1652 immensa,
877 1577 985 1657 qualis
1011 1579 1074 1642 erit
1102 1579 1202 1644 Stella
1223 1597 1332 1655 nova,
1356 1580 1576 1655 conficiatur,

445 1694 574 1759 nullam
594 1694 693 1761 babet
714 1696 1034 1777 impossibilitatem:
1059 1698 1210 1764 videmus
1233 1700 1321 1762 enim
1349 1716 1460 1762 aerem
1489 1716 1578 1762 sere-

446 1809 635 1889 nissimum,
658 1813 748 1878 dieto
771 1813 886 1888 citius,
909 1815 1035 1895 expleri
1059 1814 1222 1890 nubibus,
1244 1820 1276 1877 et
1298 1833 1341 1878 ex
1364 1813 1464 1879 viridi
1490 1815 1579 1897 ligno

447 1930 595 2014 exposito
616 1929 660 1994 ad
681 1930 812 2014 iguem,
841 1932 933 1995 nulla
956 1932 1102 1996 sensibili
1129 1931 1199 2013 ejus
1229 1932 1315 1996 sacta
1338 1932 1579 2008 diminutione,

448 2050 562 2131 ingens
584 2046 657 2113 fleri
679 2047 866 2113 intumum
889 2050 1092 2132 evaporatio.
1117 2045 1271 2133 (Ibidem).

463 2307 467 2314 ·
532 2287 655 2353 Alenni
682 2285 817 2361 lucebi,
844 2288 905 2350 ebe
932 2286 975 2350 da
1001 2287 1137 2351 lontano
1163 2288 1379 2369 appariscono
1408 2287 1581 2369 splenden-

447 2405 577 2482 tissimi,
598 2404 643 2469 dn
665 2404 776 2469 vicino
796 2420 863 2467 non
878 2402 905 2466 si
924 2419 1073 2485 veggono
1088 2402 1196 2466 niente
1215 2420 1273 2484 per
1289 2403 1322 2466 la
1339 2403 1410 2467 loro
1433 2399 1577 2477 tenuitd;

445 2519 515 2590 eosl
537 2522 571 2586 la
593 2520 695 2588 Stella
715 2519 835 2588 Nuova
858 2517 924 2601 pud
945 2538 1054 2585 essere
1076 2536 1144 2585 una
1167 2520 1353 2585 esalazione
1376 2519 1581 2597 illuminata,
1718 2557 1720 2560 >

445 2659 466 2704 e
486 2640 543 2704 obi
565 2638 602 2706 ri
623 2637 707 2704 losse
728 2638 841 2704 vicino
867 2656 932 2703 non
954 2638 987 2703 la
1010 2639 1196 2713 vedrebbe‚
1223 2656 1242 2701 e
1270 2639 1485 2721 apparirebbe
1508 2640 1579 2704 solo

447 2774 543 2823 come
564 2759 576 2821 i
597 2757 711 2839 vapori
734 2757 854 2821 elevati
877 2774 896 2820 e
917 2757 1097 2822 illuminati
1120 2756 1153 2820 la
1175 2761 1275 2821 notte.
1305 2754 1413 2841 (ibid,
1435 2756 1489 2838 [ol.
1516 2755 1580 2842 12).

536 2994 637 3062 Stella
657 2993 753 3061 Nova
770 2997 945 3061 observata
967 2995 1032 3059 fuit
1055 3013 1075 3058 a
1097 2995 1226 3059 medie
1250 2994 1293 3058 ‘28
1316 2993 1467 3059 Octobris
1494 2994 1580 3059 moa

448 3114 483 3178 in
503 3111 620 3177 eadem
643 3111 729 3175 linea
752 3117 844 3176 recta
866 3129 943 3176 cum
967 3113 1073 3194 prima
1096 3111 1231 3179 caudae
1256 3110 1378 3175 Heliois
1401 3114 1433 3174 et
1455 3110 1581 3174 Lucida

447 3229 605 3307 Coronae,
626 3246 712 3312 quae
726 3230 821 3311 linea
843 3228 959 3293 incidit
974 3230 1009 3292 in
1027 3228 1069 3292 19
1095 3228 1211 3311 Sagitt.
1235 3227 1320 3295 Cum
1344 3233 1455 3291 autem
1480 3226 1580 3293 Stella

449 3348 583 3414 baberet
603 3347 813 3413 latitudinem
824 3346 990 3412 borealem
1002 3365 1050 3429 gr.
1063 3346 1084 3408 2
1096 3346 1174 3421 lere,
1197 3346 1260 3410 suit
1278 3348 1369 3410 cirea
1386 3365 1433 3428 gr.
1452 3344 1494 3409 18
1517 3344 1577 3409 Sa·
1686 3429 1688 3432 Ι

452 3465 524 3546 gae
549 3460 635 3548 (nar.
658 3463 730 3536 ru,
760 3463 844 3528 ram.
868 3464 904 3538 2,
927 3463 980 3542 su.
1008 3460 1070 3546 re).

539 3699 638 3766 Stella
657 3698 752 3766 Nova
776 3699 828 3764 die
851 3700 872 3764 5
896 3698 1007 3764 Martii
1030 3697 1151 3762 collata
1174 3715 1252 3761 cum
1275 3697 1357 3762 Jove
1380 3703 1412 3760 et
1437 3697 1580 3762 Saturno

450 3817 593 3885 babebat
614 3838 662 3901 gr.
686 3818 718 3894 2,
741 3820 783 3882 22
806 3818 890 3883 latit.
916 3813 1069 3902 (Ibidem).

536 4055 639 4122 Stella
660 4054 755 4121 Nova
788 4074 853 4121 non
887 4055 988 4121 luisse
1011 4056 1202 4121 incendium
1226 4059 1316 4136 patet
1353 4057 1386 4117 et
1419 4069 1459 4114 eo
1492 4045 1581 4129 quod

447 4189 534 4254 quae
556 4173 715 4238 citissime
736 4173 916 4239 incendunt
934 4174 1027 4239 brevi
1043 4190 1173 4255 quoque
1191 4173 1425 4254 extinguntur3
1440 4164 1580 4231 materia

448 4288 536 4351 enim
563 4305 649 4369 quae
674 4291 787 4353 statim
815 4291 1001 4354 incenditur
1029 4295 1078 4353 est
1112 4289 1291 4353 admodum
1318 4279 1581 4352 combustibilis,

448 4405 537 4485 qued
551 4398 632 4468 vero
646 4406 791 4471 maxime
802 4415 849 4471 est
862 4406 1094 4471 combustibile
1108 4407 1222 4471 statim
1238 4402 1416 4469 comburit:
1430 4395 1582 4478 exempla

449 4525 489 4591 de
512 4525 574 4588 bac
598 4543 633 4589 re
654 4526 814 4592 babemus
839 4528 1021 4590 innumera.
1049 4523 1200 4609 (ibidem).

929 4784 1105 4814 κ-Φν-
