4109 5934
442 747 508 812 408
830 755 1029 803 otssnnssmo
1053 755 1187 801 sensnm

444 895 572 964 amaris,
596 899 632 952 ut
654 891 709 970 qui
732 891 786 952 boc
811 890 887 951 milu‘
910 887 1036 951 bonoris
1054 885 1232 964 impertitus
1251 885 1305 957 sis,
1322 891 1357 946 ut
1375 899 1432 963 per
1453 891 1579 946 tantum

444 1013 546 1075 virum
579 1009 777 1089 potissimum
811 1024 881 1081 me,
915 1013 943 1068 el
978 1004 1166 1067 transmisso
1201 1000 1373 1082 exemplari
1407 1009 1435 1062 et
1472 1000 1581 1064 addita

444 1127 750 1208 commonefactione,
771 1124 1006 1207 provocandum
1030 1120 1290 1212 adscribendum
1305 1120 1480 1183 censueris:
1499 1119 1582 1201 quod

444 1256 473 1309 et
493 1245 649 1327 praestitit
671 1244 705 1304 in
729 1244 776 1305 tui
799 1243 936 1322 qratiam
956 1257 1014 1321 per
1043 1216 1139 1320 quam
1175 1237 1366 1310 humaniter,
1401 1243 1430 1298 et
1465 1255 1514 1299 me
1548 1239 1580 1299 in

444 1361 618 1424 clientelam
639 1376 732 1422 suam
753 1359 887 1438 suscepit
904 1355 1200 1420 benevolentissime.

516 1474 607 1552 Quod
629 1477 728 1557 iqitur
751 1476 828 1538 mibi
846 1477 977 1556 propria
998 1475 1102 1537 animi
1123 1473 1342 1563 propensione,
1365 1473 1451 1554 quod
1469 1474 1579 1537 amicis

441 1597 550 1677 placet,
572 1593 657 1676 quad
678 1593 840 1673 diliqenter
862 1594 926 1674 ipse
948 1582 1059 1672 roqas,
1075 1592 1108 1655 id
1129 1593 1270 1673 facum:
1288 1589 1446 1654 nonnulla
1461 1608 1512 1671 spe
1527 1593 1581 1654 in·

444 1715 567 1784 elnotus,
590 1731 637 1775 me
660 1714 717 1775 bac
740 1710 870 1792 epistola
892 1711 926 1774 id
949 1712 1005 1773 tibi
1025 1710 1245 1792 prolaturum,
1267 1712 1295 1773 si
1317 1728 1387 1773 eam
1420 1711 1578 1774 censueris

444 1831 673 1905 ostendendam,
697 1837 732 1892 ut
754 1839 865 1893 contro
886 1847 1023 1894 morosos
1052 1830 1229 1894 novitatum
1262 1845 1429 1903 censores,
1467 1829 1577 1910 quibus

444 1949 621 2012 incredibile
644 1948 793 2030 quicquid
815 1949 1026 2030 incoqnitum,
1046 1948 1221 2028 prolanum
1242 1955 1271 2010 et
1294 1946 1473 2025 uelandum
1492 1947 1580 2028 quic·

378 2098 380 2105 ·
446 2067 523 2148 quid
544 2066 629 2130 ultra
651 2076 815 2130 consuetas
838 2067 1046 2130 aristotelicae
1068 2065 1235 2146 anomaliae
1257 2072 1366 2137 metae,
1389 2083 1458 2128 uno
1481 2082 1578 2145 praa·

443 2186 535 2267 spiste
557 2186 599 2248 sis
620 2203 823 2267 processurus
849 2184 1046 2250 instructior.

537 2302 735 2368 Temerarius
749 2304 838 2384 ¹lorte
871 2304 969 2367 uideri
1001 2304 1117 2384 passim
1154 2305 1210 2385 qui
1244 2303 1307 2366 tuis
1340 2303 1577 2374 assertionibus,

444 2424 533 2488 nullo
549 2425 682 2505 propria
704 2423 898 2504 experientia
920 2421 1079 2504 suffultus,
1104 2429 1171 2486 tam
1191 2423 1282 2503 {aelle
1304 2422 1442 2486 credam.
1461 2419 1579 2501 Atqui

444 2558 509 2604 non
531 2541 655 2604 credam
678 2539 899 2603 llatbematico
922 2539 1109 2615 doctissimo,
1131 2538 1225 2620 eujus
1252 2539 1302 2604 cel
1334 2555 1435 2603 ausus
1463 2535 1578 2617 judicii

442 2657 660 2721 rectitudinem
683 2659 811 2737 aequit,
835 2661 890 2739 qui
915 2666 1042 2722 tanturn
1062 2658 1150 2722 obest
1173 2667 1209 2720 ut
1231 2674 1295 2720 sese
1316 2658 1456 2721 canituli
1478 2655 1578 2727 dedat,

443 2792 568 2857 seseque
591 2775 702 2839 uidisse
725 2776 843 2838 dictitet
866 2794 948 2858 quae
964 2794 1030 2840 non
1047 2774 1170 2849 uiderit,
1185 2774 1371 2867 populapem
1388 2791 1508 2840 auram
1526 2793 1578 2838 aa·

438 2902 558 2974 ptans:
582 2901 617 2955 ut
641 2891 688 2955 uel
710 2892 928 2973 receptissimis
962 2892 1162 2974 opinionibus
1194 2891 1337 2954 veritatis
1372 2909 1483 2956 ornare
1516 2911 1575 2957 non

444 3011 561 3075 dubitet
580 3027 768 3091 repuqnare‚
784 3009 931 3091 outqique
948 3010 1107 3091 vituperio
1123 3026 1240 3091 sueque
1259 3009 1358 3092 deque
1373 3010 1477 3092 terre?
1497 3008 1577 3088 Quid

441 3123 524 3212 quod
542 3128 664 3210 publice
686 3128 806 3203 scribit,
825 3126 1051 3209 probrumque,
1076 3127 1208 3210 siquod
1220 3129 1484 3206 committeretur,
1501 3128 1576 3193 class

441 3245 552 3308 babere
575 3263 776 3328 nequaquam
797 3246 926 3327 posset?
950 3245 1021 3327 Eqa
1045 3264 1084 3308 ne
1107 3255 1143 3309 ut
1163 3246 1297 3327 patricio
1327 3246 1519 3311 Florentino
1540 3249 1577 3328 p·

442 3363 509 3426 dem
532 3363 673 3444 deroqem
696 3365 731 3426 de
755 3366 794 3427 iis
818 3383 898 3446 quae
922 3365 1024 3428 vidit?
1044 3366 1218 3445 perspicaci
1241 3362 1425 3428 lusciosus‘l
1459 3368 1575 3429 instru-

441 3483 553 3543 mentis
576 3482 753 3545 ocularibus
778 3485 943 3556 instruato,
967 3486 1031 3563 ipse
1048 3482 1153 3545 nudus
1170 3493 1198 3546 et
1213 3483 1254 3545 ob
1272 3482 1457 3563 supellectili
1476 3483 1574 3565 inops?

441 3597 513 3678 qu
535 3618 598 3662 nan
621 3600 746 3663 credam
769 3618 874 3663 omnes
897 3600 938 3663 od
962 3600 1067 3663 eadem
1091 3601 1266 3680 spectacula
1290 3601 1433 3675 inuitati,
1450 3612 1479 3665 et
1499 3601 1574 3684 quad

442 3724 537 3796 caput
560 3726 615 3788 est,
639 3718 686 3779 uel
708 3719 811 3796 ipsum
834 3735 929 3778 suunt
953 3719 1211 3789 instrumentum,
1235 3715 1277 3779 ad
1290 3716 1476 3795 taciendam
1493 3719 1573 3799 fidene

442 3834 539 3897 oculis
563 3833 714 3914 offerenti.

530 3951 583 4013 An
602 3968 720 4033 parum
742 3954 797 4014 boc
819 3955 915 4033 luerit
939 3970 1128 4032 maqnorum
1151 3950 1322 4016 Hetruriae
1361 3952 1489 4017 Ducum
1521 3955 1572 4031 sa·

439 4070 557 4132 milium
581 4069 745 4151 ludificari,
769 4068 1003 4152 Mediceumquc
1026 4090 1139 4136 nomen
1174 4072 1327 4152 fiqmentis
1364 4075 1432 4135 suis
1464 4075 1574 4153 praep·

441 4205 522 4266 qere,
541 4187 686 4267 planetas
711 4189 838 4249 interim
861 4205 948 4251 ueros
971 4189 1190 4270 pollicentem?

532 4302 618 4380 Quid
640 4306 723 4386 quod
742 4305 880 4386 propriis
897 4306 1129 4387 coperimentis,
1154 4310 1237 4390 quad
1255 4317 1284 4371 et
1300 4308 1441 4373 aliarum
1455 4327 1572 4373 meere·

439 4422 616 4485 rationibus
641 4423 675 4485 in
694 4432 786 4503 parte
809 4422 879 4485 libri
901 4423 1095 4505 deprebendo
1113 4427 1377 4490 veracissimum?
1396 4425 1484 4504 Quid
1502 4444 1571 4490 aas·

439 4557 492 4601 sae
515 4540 565 4613 sit,
589 4557 647 4602 cur
664 4541 765 4605 sotum
788 4541 823 4603 de
846 4550 984 4622 quatuor
1004 4542 1140 4624 planetis
1166 4544 1375 4609 deludendum
1399 4547 1460 4610 sibi
1481 4553 1570 4626 puta·

440 4658 518 4718 uerit
542 4660 672 4721 arbem?

533 4775 604 4839 l'res
629 4790 703 4841 sunt
728 4799 848 4844 menses
884 4800 957 4845 cum
992 4784 1236 4862 auquslissimus
1274 4781 1452 4864 Imperator
1483 4796 1567 4861 super
