4109 5934
447 825 613 893 NOSTRA
634 824 853 891 cuiusnam
870 820 1139 889 assensionis
1156 822 1281 888 ALEX.
1297 821 1562 889 unumunurn

855 1032 1152 1089 GORBEC'UO·

510 1226 553 1279 Ad
572 1226 719 1280 veritatem
738 1224 888 1286 tuendam,
911 1223 1189 1294 promovendumque
1207 1222 1342 1279 bonorem
1369 1223 1445 1280 illius
1467 1225 1570 1281 summi

441 1325 502 1379 ltali
521 1324 583 1391 viri,
603 1338 653 1393 pro
670 1338 726 1394 quo
743 1328 801 1378 tam
818 1322 982 1378 diuturnum
999 1327 1029 1378 et
1047 1327 1276 1393 perseverantem
1299 1323 1425 1379 laborem
1449 1325 1570 1394 suscepi-

440 1438 502 1479 mus
519 1421 616 1493 (cujus
632 1421 720 1479 tinem
737 1423 878 1490 ultimum,
902 1421 963 1478 Deo
988 1423 1111 1488 sinente,
1130 1423 1262 1479 volumen
1282 1422 1366 1480 iscisl
1382 1423 1414 1479 in
1432 1439 1488 1494 quo
1510 1424 1571 1494 elus

439 1524 496 1580 vita
509 1523 539 1579 in
555 1524 681 1580 scientiis
698 1523 860 1581 excolendis
877 1523 1026 1593 impensa,
1044 1523 1083 1579 ils
1097 1522 1210 1593 copiose
1227 1529 1257 1580 ut
1274 1522 1436 1593 argumenti
1451 1523 1572 1594 dignitas

438 1624 605 1696 expostulat,
618 1622 831 1695 perscribatur),
846 1620 919 1679 baud
938 1637 1089 1699 possumus
1103 1627 1282 1693 praesentem
1299 1623 1479 1680 occasionem
1496 1638 1571 1695 pree·

440 1724 534 1793 terire,
552 1723 620 1794 quin
641 1722 732 1779 Cosmi
748 1723 840 1779 locum
859 1722 1043 1793 corrigamus,
1062 1723 1110 1779 ubi
1126 1723 1295 1794 perillustris
1308 1722 1474 1780 Alexander
1487 1722 1571 1779 llum

438 1822 558 1879 boldlius
575 1823 706 1879 meritum
723 1822 890 1879 delectionis
915 1821 1073 1879 Satellitum
1099 1822 1178 1879 loris
1206 1838 1263 1878 non
1291 1823 1341 1878 nni
1369 1820 1498 1893 Galliaco,
1525 1824 1570 1880 sed

438 1922 523 1978 etiam
540 1922 650 1979 cuidem
668 1922 778 1979 concivi
796 1938 846 1978 suo
863 1922 997 1978 attribuit
1015 1922 1150 1980 Attamen
1168 1923 1290 1980 libenter
1306 1924 1482 1981 declararum
1500 1923 1572 1996 quod

441 2022 479 2087 ls,
499 2021 706 2092 proculdubio,
724 2022 754 2077 ln
773 2021 847 2077 banc
865 2021 1081 2078 affirmationem
1105 2022 1251 2090 inciderit,
1272 2038 1329 2080 non
1356 2022 1480 2081 νει-111111
1496 2021 1574 2077 infir

440 2121 560 2178 mandas
575 2136 671 2189 caum,
689 2123 740 2177 sed
758 2122 851 2192 potius
870 2121 946 2179 illius
959 2121 1119 2193 exquisitae
1134 2122 1297 2192 diligentiae
1314 2122 1436 2191 delscm
1452 2135 1525 2194 qnae
1542 2123 1573 2177 in

440 2223 558 2293 singulis
575 2222 701 2292 ejusdem
719 2221 879 2279 admirandi
897 2219 1001 2293 Operis
1017 2222 1144 2292 partibus
1160 2222 1289 2294 refulget.

511 2321 545 2377 ln
563 2321 716 2379 Volumine
733 2320 763 2377 11
783 2320 881 2385 eoam,
900 2321 975 2379 Part.
994 2321 1034 2393 ll,
1055 2320 1124 2397 Cap.
1142 2337 1193 2391 ru,
1211 2323 1332 2395 legitur:

511 2441 525 2473 1
547 2419 679 2477 solonites
695 2420 773 2479 Joos's
787 2423 882 2478 deuoti
901 2421 1015 2490 {ucrucl
1032 2423 1122 2477 codem
1138 2422 1197 2491 [ers
1214 2429 1341 2493 tempore,
1365 2423 1436 2493 prsis
1456 2422 1574 2478 m

444 2544 457 2575 s
476 2530 518 2577 tor
534 2522 604 2576 oller
620 2522 652 2575 ds
668 2521 754 2576 oltero
773 2524 862 2585 sciret,
880 2522 924 2577 die
937 2520 978 2578 29
994 2520 1149 2578 Decembris
1161 2520 1272 2578 rocoa
1290 2520 1510 2589 Sinonem,
1523 2521 1574 2576 Ass

444 2643 458 2673 s
476 2622 576 2690 abacti,
596 2628 621 2677 ct
639 2618 660 2676 7
676 2621 810 2677 docueris·
830 2624 845 2677 l
850 2620 913 2677 610
931 2639 950 2678 o
969 2621 1104 2691 Goliloco,
1123 2621 1236 2680 Puteoli
1252 2643 1276 2678 s.

510 2720 591 2788 Quod
606 2738 672 2778 cum
689 2737 706 2778 a
724 2723 844 2780 vertute
858 2723 942 2792 absit,
954 2729 986 2780 nt
998 2724 1081 2781 nodo
1095 2722 1362 2794 demonstrabimus,
1381 2728 1413 2783 ct
1429 2740 1497 2782 mm
1519 2725 1576 2796 lpse

442 2822 640 2879 llnmboldtius
656 2823 712 2878 duo
728 2827 896 2893 argumenta
909 2824 951 2895 (in
962 2828 1031 2880 nota
1044 2827 1090 2892 ll,
1102 2837 1175 2896 qnae
1189 2825 1225 2881 sd
1239 2825 1414 2896 praedictam
1431 2824 1574 2896 periodum

440 2920 579 2994 retertur),
596 2921 697 2994 quibus
714 2922 770 2979 sibi
786 2922 973 2983 dubitandum
990 2928 1072 2993 arel,
1090 2925 1208 2993 meu,
1232 2925 1336 2985 11111111
1354 2940 1427 2985 suc
1443 2929 1490 2983 sot
1506 2925 1576 2999 qud

441 3025 464 3078 is
482 3021 665 3081 nibilominus
682 3021 713 3077 in
729 3022 884 3093 praecitata
901 3023 1017 3094 periodo
1035 3024 1209 3083 contrarium
1227 3025 1345 3083 omnino
1363 3025 1497 3083 affirmet.

511 3121 652 3178 Galilaeus
668 3121 747 3179 lovis
762 3121 912 3191 Satellites,
926 3122 1142 3181 die'llannsrii
1155 3122 1365 3195 1⁰1⁰,detexit,
1379 3128 1410 3182 el
1419 3123 1525 3182 blarlio
1537 3139 1576 3180 se·

441 3220 537 3290 quenti
557 3220 584 3275 id
602 3225 699 3277 notum
718 3220 785 3278 iecit
802 3238 853 3293 per
871 3220 1008 3279 Nubelem
1027 3220 1174 3287 Siderum,
1193 3224 1222 3280 iu
1240 3239 1296 3295 qno
1312 3224 1527 3283 onsemuonos
1543 3224 1575 3279 ab

442 3321 503 3388 ipso
520 3321 593 3374 eirca
614 3336 701 3376 novos
719 3322 845 3391 planetas
865 3323 919 3378 illie
939 3323 1027 3379 tribus
1047 3324 1193 3379 mensibus
1209 3323 1318 3380 babilas
1331 3323 1493 3395 descripsit
1511 3322 1577 3390 Qua-

443 3427 503 3474 tuor
517 3421 600 3475 annis
615 3426 686 3490 post,
706 3421 858 3478 Februario
877 3439 981 3493 nempe
994 3426 1074 3492 loll,
1090 3423 1187 3480 Simon
1201 3423 1307 3481 llarius
1320 3422 1577 3480 Guntrenlrussnus

441 3536 522 3575 suum
540 3520 673 3577 Mundum
689 3521 822 3578 Jooiotem
840 3523 1006 3594 publicauit,
1033 3540 1091 3594 quo
1115 3530 1260 3581 asseverat
1283 3539 1315 3581 se
1338 3525 1469 3595 primum
1495 3523 1576 3581 Setel-

441 3620 504 3677 lites
520 3621 598 3677 lovis
616 3625 651 3675 11
668 3622 832 3679 Decembris
852 3627 921 3679 tollit
939 3623 1090 3681 detexisse.

511 3718 592 3774 blodo
607 3721 688 3790 juxta
706 3723 832 3791 regulam
850 3723 948 3792 Magi,
969 3723 1080 3793 saepius
1098 3723 1134 3778 ab
1153 3724 1214 3795 ipso
1234 3722 1418 3780 Humboldtio
1444 3738 1576 3781 memon-

442 3823 507 3883 tam‚
527 3818 663 3874 babemus
681 3822 753 3890 quod
773 3840 787 3871 1
810 3822 838 3875 in
858 3822 1040 3877 scientiarum
1056 3821 1174 3878 historia
1188 3824 1336 3880 scribenda
1349 3824 1428 3880 nulla
1440 3825 1513 3881 ratio
1522 3824 1575 3894 jus·

444 3939 456 3969 1
477 3919 529 3973 tior
548 3917 684 3975 habeatur
696 3936 780 3989 quam
793 3936 836 3987 oa,
851 3938 923 3992 quae
939 3922 1052 3992 ponitus
1065 3923 1197 3979 innititur
1215 3924 1488 3993 promulgationibus
1504 3924 1575 3978 diem

444 4041 456 4069 1
475 4025 581 4074 certam
601 4017 779 4087 habentibus,
800 4021 865 4091 quia
883 4022 964 4077 aliter
983 4022 1098 4090 omnia,
1118 4026 1230 4093 praeter
1249 4022 1342 4091 banc,
1362 4024 1527 4080 contusione
1549 4029 1574 4077 ct

443 4140 456 4170 o
475 4120 642 4175 obscuritate
661 4121 819 4176 redundant
833 4140 861 4187 »3
878 4122 958 4191 juxta
977 4120 1051 4177 hanc
1067 4123 1203 4191 regulam,
1217 4122 1344 4193 inquam,
1365 4139 1403 4179 ne
1425 4125 1504 4179 locam
1523 4122 1574 4192 qni·

441 4220 506 4274 dom
518 4223 562 4274 est
575 4219 735 4289 disputandi
748 4221 784 4276 de
796 4221 877 4277 leude
893 4222 942 4277 uni
961 4221 1081 4278 Galiloeo
1093 4222 1197 4290 debita,
1211 4227 1306 4292 utpote
1318 4223 1412 4293 primo
1425 4222 1573 4279 satellitum

440 4318 518 4373 lovis
535 4319 680 4383 delectori,
702 4320 757 4374 nisi
776 4323 917 4376 contrarie
936 4321 1060 4378 Simonis
1078 4321 1161 4378 Marii
1177 4322 1327 4378 alllrmatio
1339 4323 1403 4379 aliis
1418 4322 1509 4390 iactis,
1524 4335 1573 4376 me

442 4419 611 4490 lioribusque
630 4420 784 4476 rationibus
805 4421 941 4477 fulciatur.
964 4422 1019 4479 Sed
1044 4438 1101 4478 non
1127 4424 1216 4479 solum
1246 4423 1316 4479 baec
1346 4423 1470 4491 desunt,
1495 4423 1570 4477 inm

442 4519 528 4573 multe
543 4527 608 4576 sunt
623 4536 655 4575 ac
670 4521 766 4591 magni
792 4523 924 4593 ponderis
953 4528 1121 4593 argumenta
1138 4539 1210 4595 qnae
1230 4523 1404 4579 contrarium
1427 4523 1572 4579 luculenter

441 4624 467 4671 ot
497 4620 552 4674 ullo
579 4623 684 4692 absque
711 4622 795 4678 dubio
824 4625 1015 4695 comprobent.
1050 4623 1086 4680 El
1116 4630 1146 4679 ul
1180 4629 1274 4680 cetera
1303 4624 1567 4695 praetermittantur

441 4717 513 4771 intur
540 4735 610 4787 quae
640 4722 755 4777 maximi
784 4725 919 4779 momenti
941 4729 982 4779 cst
1010 4724 1124 4794 Kepleri
1153 4724 1307 4790 silentium,
1332 4723 1381 4793 qui
1410 4738 1488 4780 anno
1510 4723 1565 4775 1611

442 4826 465 4871 ut
487 4822 563 4871 11111.
586 4821 612 4873 ln
634 4822 693 4889 lpse
713 4823 835 4878 Simonis·
856 4825 936 4879 ilarii
959 4826 1055 4891 patria.
1085 4826 1118 4879 llo
1139 4825 1308 4882 Satellitibus
1329 4825 1474 4883 scribenS.
1494 4823 1566 4886 intll·
