4109 5934
844 727 1084 824 eroxsnrurr
1492 760 1537 827 23

381 922 456 985 meis
481 919 530 985 uti
548 921 680 1002 poesim:
704 919 832 981 minime
855 917 1095 982 animationem
1116 916 1213 982 oculis
1228 918 1277 982 ati
1289 932 1427 1001 metuat,
1443 934 1543 999 quum

378 1032 632 1121 supputationes,
655 1031 690 1093 io
707 1030 838 1111 primu,
861 1030 1090 1093 observationes
1113 1027 1225 1093 etalio
1243 1027 1433 1110 hujusmodi,
1451 1043 1473 1091 a
1494 1044 1543 1090 me

378 1159 494 1206 uunrrs
517 1157 577 1204 ran
600 1159 639 1204 aa
665 1157 737 1203 nnnc
768 1156 858 1203 anans
884 1137 1084 1213 elucubrata,
1114 1137 1362 1219 recognoscendo
1388 1139 1473 1212 siret,
1503 1156 1543 1202 or

379 1271 485 1317 sunus
498 1269 606 1316 nnana
618 1268 790 1316 russanum
803 1267 942 1314 rannone
956 1269 1188 1316 aeconomum
1201 1247 1259 1336 (l).
1272 1248 1319 1313 ne
1333 1248 1447 1332 paucis
1463 1265 1544 1313 vero

379 1361 490 1435 annis,
508 1377 591 1442 quos
613 1357 794 1435 Galilaens‚
809 1376 928 1424 caecus
943 1360 1130 1440 cadensque
1145 1362 1323 1434 vetustate,
1338 1357 1446 1422 adbuc
1467 1375 1543 1439 per-

377 1470 541 1546 transivit,
564 1486 849 1550 supervaeaneum
871 1469 1008 1534 omnino
1031 1468 1119 1551 loqui
1144 1469 1235 1533 toret.

468 1577 506 1647 3⁰
528 1580 694 1660 lienique,
717 1584 753 1643 ut
776 1578 903 1660 primae
929 1579 1008 1644 buic
1032 1579 1309 1664 argumentationi
1341 1579 1442 1643 tinem
1465 1583 1542 1641 tan-

379 1691 454 1754 dem
477 1690 666 1770 imponam:
684 1689 718 1751 in
742 1687 872 1769 scriptis
886 1687 1030 1752 Renierii
1055 1685 1139 1773 (qui,
1161 1687 1209 1752 uti
1226 1705 1327 1770 supra
1341 1686 1542 1762 dictumest,

379 1797 518 1863 Galilaei
541 1798 719 1879 discipulus
741 1796 817 1873 luit,
835 1795 972 1877 ejusque
994 1796 1030 1860 in
1052 1795 1145 1861 lovis
1163 1795 1411 1861 observationes
1434 1795 1542 1861 conti-

380 1912 501 1970 nuator
512 1903 539 1992 ),
563 1903 678 1970 charta
695 1904 820 1970 codicis
837 1904 882 1969 Vl
898 1902 982 1990 (Par.
997 1903 1051 1992 ll),
1070 1923 1170 1987 quem
1189 1923 1290 1988 supra
1306 1905 1424 1982 citavi,
1443 1904 1487 1969 26
1510 1910 1543 1968 et

378 2031 477 2095 seqq,
488 2018 580 2078 extat
590 2020 785 2096 excerptum
797 2030 838 2077 ex
849 2013 1134 2080 observationibus
1145 2012 1284 2080 Galilaei
1294 2014 1328 2077 in
1341 2013 1456 2080 Stellas
1468 2014 1541 2079 ble-

378 2123 504 2197 dieeas‚
527 2139 610 2203 quas
634 2139 752 2205 nempe
774 2121 931 2205 magister
953 2122 1116 2205 discipulo
1133 2123 1376 2187 continuandas
1394 2122 1541 2188 tradide-

378 2239 430 2297 rat
443 2230 501 2318 (2).
518 2234 588 2298 lloc
607 2237 719 2299 autem
738 2236 933 2314 excerptum
951 2231 1067 2314 incipit
1080 2249 1100 2295 a
1111 2251 1222 2298 mense
1236 2232 1393 2314 januario
1404 2231 1538 2308 ducx,

378 2347 430 2415 et,
454 2318 608 2406 omnibus
632 2342 907 2422 subsequentibus
936 2343 1100 2424 percursis
1128 2343 1245 2419 annis,
1268 2334 1389 2408 mense
1403 2343 1537 2408 octobre

378 2448 549 2516 mndata
571 2449 802 2516 concluditur:
826 2469 932 2533 neque
952 2450 1108 2516 deficiens
1132 2452 1214 2516 iliud
1237 2451 1448 2518 multilumve
1470 2450 1540 2516 ullo

380 2563 477 2639 paeto
498 2559 683 2642 conjectare
705 2559 795 2634 licet;
818 2561 938 2642 impari
961 2560 1051 2625 enim
1069 2562 1267 2627 terminatur
1284 2559 1421 2645 pagina,
1441 2565 1541 2643 atque

379 2667 446 2729 alia
468 2685 488 2730 a
511 2673 603 2750 tergo
621 2667 769 2748 sequitur
786 2669 935 2732 materia.
953 2670 997 2734 Et
1015 2668 1169 2744 ulterius,
1191 2668 1319 2751 paginis
1337 2668 1378 2731 57
1398 2673 1430 2732 et
1449 2684 1537 2748 seqq.

377 2773 526 2855 ejusdem
549 2774 743 2852 voluminis,
766 2776 942 2841 Renierius
964 2778 1086 2843 iterum
1108 2778 1270 2860 quasdam
1286 2777 1427 2842 assumit
1450 2777 1540 2859 posi-

378 2887 484 2949 tiones
507 2903 528 2949 a
548 2884 698 2952 Galilaea
720 2887 920 2969 jamdudum
944 2893 1173 2970 pertractatas,
1197 2893 1230 2951 et
1248 2887 1310 2951 hoe
1333 2888 1434 2952 etiam
1453 2904 1536 2951 exa·

376 3011 452 3059 men
477 2992 540 3080 (ita
563 2995 653 3059 enim
676 2995 811 3078 abipso
833 2993 994 3082 vocatur)
1021 2992 1082 3083 (3),
1102 2997 1209 3060 solum
1230 2996 1360 3077 respicit
1378 2995 1533 3078 temporis

378 3105 537 3186 spatium,
559 3104 650 3186 quod
671 3107 757 3169 inter
779 3123 885 3170 annos
903 3104 1027 3173 MDCX
1049 3111 1081 3170 et
1103 3105 1272 3173 mncxtx
1296 3105 1420 3170 incidit.

465 3212 553 3290 Quid
576 3213 667 3279 aliud
690 3213 871 3279 desiderari
887 3216 1014 3297 potest?
1036 3214 1117 3297 quid
1141 3215 1249 3280 afferri
1268 3214 1428 3279 adversus
1451 3214 1534 3278 tanti

377 3323 531 3408 ponderis
554 3325 769 3407 argumenta?
787 3325 880 3403 Quae
898 3325 948 3389 vis
967 3325 1116 3389 inhaeret
1139 3324 1416 3406 interpretationi,
1438 3340 1537 3405 qnam

376 3432 528 3498 nonnulii
544 3425 714 3497 tentarunt
733 3431 867 3496 cuidam
885 3427 996 3515 phrasi
1020 3431 1154 3497 viviani
1170 3447 1238 3497 non
1259 3430 1348 3495 clare
1364 3445 1538 3511 expressae

376 3545 572 3620 attribuere,
594 3559 722 3624 exque
744 3544 854 3607 conati
870 3549 962 3619 suut,
985 3549 1103 3608 contra
1118 3539 1255 3607 Galilaei
1273 3539 1420 3622 proprias
1436 3553 1537 3620 supra

377 3654 494 3718 citatas
512 3653 767 3728 declarationes,
784 3652 904 3717 inferre
920 3670 997 3716 eum
1014 3653 1048 3716 in
1066 3651 1155 3716 bisce
1170 3649 1287 3715 studiis
1301 3647 1460 3730 usquead
1478 3664 1540 3711 an-

379 3778 461 3824 num
483 3759 730 3827 Mncxxxvn
744 3760 987 3842 perseverasset
1001 3759 1109 3824 Verba
1120 3758 1254 3824 Viviani
1266 3763 1343 3822 sunt
1358 3757 1440 3821 baec
1453 3755 1543 3841 (Vita
1632 3779 1636 3787 ·

381 3867 550 3958 Goliloei).·
564 3873 706 3951 «Quum
722 3871 761 3937 Ι).
780 3870 947 3938 Galilaeus
965 3888 1062 3936 cursu
1084 3879 1198 3954 septem
1212 3879 1240 3934 et
1257 3870 1367 3952 viginti
1381 3887 1542 3934 asomum

380 3999 398 4039 α
422 3977 570 4061 fregisset
584 3995 619 4043 se
642 3978 807 4043 laboribus
822 3978 865 4043 ad
888 3978 1074 4044 satellitum
1088 3979 1180 4046 lovis
1199 3984 1307 4045 motus
1334 3977 1539 4060 aequandos,

448 4176 482 4237 (1)
500 4174 750 4238 «leopranomlnati
762 4177 882 4239 (dotavi)
891 4176 927 4225 mi
938 4175 1018 4227 buno
1039 4177 1248 4227 istanzaeiretta
1251 4209 1298 4227 .....
1309 4175 1334 4224 io
1344 4176 1417 4238 perd,
1435 4172 1544 4235 rispetto

375 4272 389 4303 n
406 4257 458 4306 allo
475 4261 546 4307 stato
562 4259 589 4306 in
600 4258 649 4308 che
661 4258 697 4308 mi
713 4263 801 4319 troro,
814 4272 879 4310 sono
889 4260 1018 4324 obbligato
1029 4260 1062 4310 ad
1072 4265 1202 4323 aspettare
1213 4260 1239 4309 di
1248 4257 1360 4322 potermi
1372 4255 1468 4306 servire
1478 4252 1547 4304 della

376 4355 390 4386 a
407 4342 459 4390 mia
475 4341 579 4406 propria
591 4342 670 4402 rista,
683 4342 831 4391 essendomi
847 4343 1005 4405 impossibile
1016 4343 1135 4393 serrirmi
1145 4341 1213 4405 degli
1223 4339 1298 4390 oecbi
1310 4338 1335 4386 di
1345 4336 1416 4396 altri,
1429 4336 1455 4384 in
1469 4335 1547 4398 parti·

374 4438 388 4467 a
404 4421 491 4471 colare
507 4435 554 4485 per
570 4423 686 4472 strodere
704 4421 809 4483 calceii,
827 4425 998 4473 osserrazioni
1017 4424 1050 4472 ed
1066 4423 1132 4472 altre
1159 4434 1219 4471 cose
1240 4418 1397 4477 necessarie,
1418 4416 1482 4467 salte
1498 4413 1547 4466 etl

377 4519 392 4548 a
408 4515 494 4553 ιοιτι
509 4515 578 4554 aaut
591 4515 660 4554 sono
672 4507 777 4555 intorno
790 4506 813 4554 ai
830 4506 983 4555 monimenti
994 4506 1035 4554 dei
1047 4503 1157 4555 Satefliti
1171 4504 1197 4552 di
1212 4503 1305 4562 Glore,
1321 4513 1372 4550 rna
1384 4512 1502 4551 arnum
1518 4512 1545 4549 rc

373 4600 387 4630 a
405 4596 493 4633 norro
508 4596 686 4635 consananrn
701 4598 736 4634 aa
752 4598 844 4635 tauro
862 4596 999 4634 sansures
1015 4599 1055 4634 ec.
1073 4585 1246 4645 »tPotooioa
1262 4584 1292 4632 Τ.
1310 4582 1348 4643 ll,
1366 4598 1391 4645 p.
1409 4587 1478 4647 m).
1599 4572 1601 4575 ’

449 4669 481 4729 (i)
496 4667 545 4719 Est
560 4668 652 4718 titulus
667 4671 795 4734 excerpti:
809 4669 1006 4719 Observationes
1021 4667 1136 4717 Golitoci
1145 4669 1181 4717 od
1192 4667 1295 4717 uerbum
1307 4669 1457 4723 adnotatae,
1470 4672 1548 4730 prout

378 4751 433 4813 ipre
446 4753 558 4814 proprio
573 4766 654 4801 amna
669 4755 814 4816 descripsit.

449 4834 482 4896 (³)
500 4834 623 4886 aaaron
641 4835 855 4888 Obseruotc'oaam
871 4851 936 4901 getae
952 4837 1057 4894 bobitoe
1072 4843 1132 4888 acret
1147 4850 1165 4886 a
1181 4837 1213 4887 cl.
1230 4837 1287 4888 oirc
1301 4834 1403 4885 Golileo
1417 4831 1546 4888 Galilaea.
