4109 5934
803 761 953 809 APOLOGIA
977 762 1036 808 etto
1060 762 1203 808 uterino

865 1011 931 1073 end
955 1011 1130 1089 Quartum.
1182 1007 1188 1051 l

528 1245 581 1310 Asi
601 1253 761 1328 quartum,
785 1254 820 1308 ut
842 1262 883 1308 ea
905 1245 995 1307 dictis
1016 1253 1101 1324 patet
1125 1255 1152 1306 et
1175 1253 1265 1308 tectu
1289 1242 1475 1323 Salomonis,
1502 1251 1572 1313 eci·

440 1369 540 1431 mitur
561 1365 605 1427 ilci
627 1372 753 1429 terrac
776 1371 864 1426 motu
886 1363 1094 1442 corruptionis
1115 1379 1171 1443 per
1193 1362 1234 1443 lp.
1257 1367 1336 1438 stat,
1360 1365 1423 1429 sios
1447 1367 1486 1430 ab
1518 1369 1571 1430 in-

443 1486 548 1561 teritu,
570 1499 634 1547 non
656 1489 762 1545 autem
784 1498 804 1543 a
828 1487 915 1543 motu
936 1479 1032 1544 locali.
1060 1477 1142 1542 Dicit
1165 1480 1266 1542 enim:
1281 1478 1456 1545 &necatio
1479 1501 1574 1564 prae-

444 1602 540 1678 torii,
561 1605 595 1664 et
617 1599 784 1681 generatio
806 1597 956 1670 advenio
979 1601 1067 1660 terra
1090 1604 1201 1661 autom
1225 1599 1260 1659 in
1285 1605 1455 1663 oeternum
1488 1608 1574 1675 stat,

444 1718 530 1793 istest,
553 1733 618 1781 non
639 1716 759 1778 interit.
783 1712 814 1776 li
835 1715 998 1778 contrario
1015 1714 1097 1777 enim
1120 1714 1235 1778 elicitur
1253 1717 1292 1778 'in
1314 1715 1372 1779 Joa
1395 1716 1430 1780 ae
1454 1721 1575 1782 nomine

444 1833 650 1917 corruptibili,
672 1848 843 1913 nunquam
866 1831 901 1895 in
922 1831 1040 1895 eodem
1054 1836 1148 1924 ‚statu
1173 1839 1351 1912 pennonet.
1374 1832 1459 1899 Illud
1481 1854 1575 1911 vera,

444 1952 527 2035 quoa
547 1951 584 2016 (le
601 1959 674 2016 ortu
695 1960 724 2014 et
746 1951 943 2014 renascentia
964 1949 1036 2013 solis
1059 1957 1089 2012 et
1111 1967 1190 2032 qpro
1215 1967 1270 2030 per
1295 1953 1492 2033 aquilonem,
1516 1955 1576 2018 asl-

442 2070 527 2135 aitur
547 2071 582 2133 in
604 2077 695 2133 tectu
709 2066 897 2141 Salomonis,
917 2067 1023 2148 plnres
1042 2068 1149 2148 recipit
1167 2085 1284 2140 sensus,
1300 2070 1366 2131 sine
1384 2066 1572 2152 Scriptura·

443 2207 516 2254 rum
538 2190 705 2254 coercione.
739 2185 941 2269 Aneuniates
964 2186 1097 2249 enimet
1121 2184 1305 2251 Lactantius
1334 2196 1363 2249 et
1391 2189 1447 2252 alii
1480 2207 1577 2270 eapo-

444 2314 539 2382 nunt,
558 2305 642 2388 quad
657 2323 721 2369 non
739 2307 896 2369 subterra
915 2314 1017 2386 qqret,
1033 2303 1120 2367 seda
1135 2302 1230 2368 latere
1258 2313 1358 2369 terrae
1384 2306 1574 2388 aquilonari,

446 2433 475 2488 st
500 2425 622 2506 obiectu
645 2440 833 2504 maenarum
853 2425 1006 2487 montium
1030 2438 1051 2485 a
1074 2422 1160 2485 nolis
1187 2422 1245 2486 illic
1269 2441 1337 2486 non
1355 2426 1575 2505 conspiciatur.

445 2542 536 2609 Sicut
558 2542 684 2625 antiqui
700 2543 873 2624 ptttcmptn·
893 2552 923 2605 et
950 2539 1167 2623 Xenophanes,
1191 2550 1338 2621 neqantes
1361 2553 1469 2607 eatare
1488 2544 1576 2607 anti·

442 2662 562 2744 podas,
588 2661 738 2726 diocorum
772 2659 831 2744 (ut
865 2658 1044 2726 Aristoteles
1078 2670 1190 2726 narrat
1223 2662 1258 2724 in
1281 2663 1309 2727 11
1330 2663 1577 2749 meteororum),

446 2798 524 2862 quos
547 2777 747 2860 Auqurtinus
768 2779 939 2861 approbat,
962 2779 1112 2861 quoniam
1142 2780 1306 2861 antipodas
1339 2780 1443 2844 itidem
1477 2780 1576 2845 nulus

446 2899 595 2978 aqnoscit.
623 2895 660 2960 D.
680 2896 823 2972 Thamar,
846 2915 950 2979 opusc.
974 2899 1017 2970 X,
1041 2906 1103 2962 art.
1126 2898 1185 2972 28,
1208 2903 1435 2980 interpretatur
1457 2901 1493 2963 cie
1512 2903 1577 2981 spi·

445 3016 512 3079 ritu
532 3017 671 3098 anqelico
693 3024 832 3081 macerae
853 3016 956 3090 solem,
979 3017 1021 3080 orl
1042 3027 1176 3080 mentem
1193 3017 1373 3081 Ptolomaei.
1395 3015 1483 3079 Idem
1500 3017 1578 3097 facit

445 3134 480 3197 in
501 3151 606 3216 cpssrc.
629 3134 688 3207 XI,
711 3144 773 3198 art.
796 3133 828 3198 a.
850 3132 895 3198 Bt
917 3143 1022 3199 tamen
1044 3137 1089 3200 ait
1112 3137 1238 3212 ibidem,
1262 3135 1364 3217 quoa,
1389 3153 1451 3217 quo
1469 3135 1576 3215 plures

447 3251 556 3316 liabeal
578 3249 747 3334 Scriptura
768 3252 973 3334 expositiones
1008 3255 1042 3316 in
1076 3253 1132 3316 lsac
1155 3260 1245 3317 tectu
1274 3261 1303 3316 ct
1325 3252 1416 3326 aliis,
1446 3273 1481 3316 ea
1506 3254 1577 3333 plus

447 3370 557 3435 euadat
577 3371 755 3435 irrisionem
777 3371 1026 3452 philosophorum
1049 3371 1247 3435 scesclarium.
1276 3369 1473 3453 Quapropter
1495 3373 1578 3434 nune

448 3496 570 3552 tectum
586 3505 708 3569 possem
740 3508 797 3570 eqo
824 3490 915 3553 aliter
937 3506 1090 3570 exponere
1113 3488 1155 3551 asi
1176 3487 1368 3552 evadendum
1399 3489 1577 3553 irrisionem
1668 3463 1670 3467 Ι

449 3600 689 3680 Germanorum,
711 3607 767 3687 qui
783 3606 856 3685 jam
876 3601 934 3686 pra
957 3613 1110 3687 comperto
1125 3605 1248 3677 nobem,
1267 3614 1385 3668 terram
1409 3607 1534 3681 moneri,
1551 3615 1579 3669 el

447 3721 541 3786 solem
562 3723 599 3786 in
620 3729 726 3787 centro
746 3731 848 3794 ctare:
862 3732 896 3786 ut
913 3722 1114 3805 Copsrnieus,
1133 3722 1312 3799 lleinolslus,
1329 3721 1470 3797 Stadios,
1491 3723 1580 3788 Mae·

448 3840 575 3916 stlinus,
596 3838 831 3913 Rothmanmss,
857 3838 1029 3917 Gilbertus,
1053 3839 1205 3922 Keplerus
1239 3852 1267 3904 et
1298 3842 1458 3906 innumeri
1485 3839 1581 3920 Anqli

449 3968 479 4022 et
503 3956 599 4032 Getis
630 3978 672 4024 sn
704 3959 796 4025 Italis
829 3969 935 4025 autem
970 3961 1163 4026 Francisous
1199 3961 1307 4026 Maria
1342 3931 1579 4034 Ferrariensis,

448 4073 496 4140 Io.
520 4074 681 4141 Antonius
702 4074 865 4157 Maqinus,
890 4075 1069 4140 cardinalis
1093 4075 1256 4151 cosanus,
1285 4075 1475 4140 Colantonus
1499 4071 1583 4137 Stel-

449 4191 523 4258 liola
545 4201 575 4256 et
597 4193 671 4266 aliis
692 4203 728 4258 ut
761 4194 899 4258 discimus
933 4211 1000 4275 cap.
1024 4193 1132 4268 itm
1159 4194 1341 4276 ltppotlsesi:
1368 4210 1410 4256 eo
1442 4190 1582 4273 antiquis

448 4327 521 4375 arro
543 4308 743 4392 Pptnaqmm
766 4319 795 4375 et
818 4328 922 4375 amnes
945 4322 1103 4391 sequaces,
1138 4311 1210 4372 item
1240 4306 1416 4372 Heraclitus
1439 4318 1466 4371 et
1492 4303 1584 4369 Aris·

451 4425 577 4490 tarcnm
600 4433 629 4491 st
653 4425 817 4492 Pitilolaus
842 4434 915 4500 etc,
949 4443 1085 4508 quorum
1107 4426 1282 4506 opinionem
1305 4443 1370 4488 non
1398 4425 1527 4487 damnat
1548 4430 1585 4486 ut

450 4542 638 4609 masticant
659 4543 700 4607 tt.
727 4542 873 4617 Tisomas,
897 4550 932 4605 ut
952 4545 1057 4624 patuit
1082 4545 1116 4605 in
1130 4542 1330 4628 responsione
1345 4540 1387 4603 ca
1402 4539 1584 4604 secunaum.

452 4657 526 4739 Nec,
545 4663 575 4728 si
592 4663 769 4739 dasnncrst,
785 4662 890 4726 subito
908 4661 1064 4726 nametica
1082 4668 1167 4724 sssst.
1192 4658 1276 4724 Nom
1294 4655 1330 4722 S.
1347 4659 1586 4741 Cisrpsostomus

454 4776 548 4859 aicit,
570 4781 714 4849 tanum
736 4798 800 4847 esse
832 4788 945 4846 contra
972 4777 1174 4861 Scriptorum
1196 4791 1224 4843 es
1249 4776 1421 4845 Ecclesiam
1450 4795 1587 4844 maerere

541 4892 667 4952 Genua
687 4894 806 4953 Gustus
824 4926 849 4939 -
869 4895 902 4950 Τ.
924 4894 959 4950 V.
1434 4898 1469 4948 ⁶8
