4109 5934
439 717 504 784 392
892 725 1117 773 nnzrour

440 865 561 928 mensis
584 861 726 926 octobris
749 859 830 922 hora
850 856 1056 920 5ameridie
1078 870 1275 936 congressus
1297 854 1390 918 lovis
1414 873 1455 917 ac
1480 854 1572 920 ltlar·

440 986 482 1047 tis
504 999 617 1047 coram
639 980 781 1043 Saturno
804 976 962 1058 gradibus
982 973 1094 1056 procul
1118 973 1161 1037 ab
1183 972 1230 1034 eis
1252 971 1274 1035 8
1297 977 1329 1034 et
1346 972 1426 1035 dim.
1444 978 1572 1036 tantum

440 1103 644 1167 occidentem
671 1113 787 1162 versus
814 1095 994 1161 constituto
1021 1092 1206 1157 celebratus
1230 1091 1314 1166 tuit;
1337 1108 1404 1174 quo
1428 1097 1575 1173 tempore

418 1268 420 1272 a
440 1222 539 1284 talem
557 1217 824 1298 conjunctionem
839 1216 1053 1278 observantes
1069 1203 1198 1274 nullam
1214 1211 1317 1275 aliam
1333 1210 1467 1274 stellam
1482 1228 1576 1292 prae-

441 1346 489 1400 ter
507 1338 578 1416 J'am
602 1334 707 1397 dictas
731 1337 796 1395 tres
812 1348 851 1393 eo
869 1329 943 1393 loco
960 1329 1212 1411 conspeximus:
1237 1345 1374 1409 vespere
1396 1333 1512 1391 autem
1527 1347 1577 1391 se-

441 1453 564 1534 quenti.
587 1452 639 1515 die
661 1449 788 1513 scilicet
811 1448 950 1522 decima,
965 1448 1026 1510 sub
1044 1445 1128 1511 Solis
1147 1463 1305 1510 occasum
1322 1446 1431 1527 primo
1453 1463 1576 1511 novum

439 1573 502 1635 hoc
525 1572 638 1634 lumen
659 1572 872 1651 conspectum
900 1566 985 1640 luit;
1008 1583 1152 1648 cumque
1175 1583 1195 1628 a
1218 1566 1382 1647 principio
1404 1565 1493 1629 exile
1515 1584 1574 1646 ap·

441 1693 570 1770 pareret
592 1692 690 1767 atque
712 1685 893 1768 exiguum,
917 1688 1130 1749 morantem
1161 1685 1277 1766 paucis
1300 1683 1485 1765 interjectis
1508 1683 1578 1746 die·

441 1807 503 1870 bus
525 1805 568 1869 ad
589 1802 711 1866 molem
733 1803 900 1883 ingentem
922 1802 1119 1876 excreverit,
1141 1806 1310 1865 momento
1324 1801 1405 1865 dicti
1420 1818 1579 1883 congres-

443 1941 500 1988 sus
523 1923 670 2005 genitum
693 1919 816 1994 luisse,
848 1925 881 1983 et
914 1925 1046 2001 propter
1069 1902 1265 1983 tenuitatem
1287 1919 1427 1983 latuisse
1447 1919 1577 2000 opinari

443 2059 508 2105 non
530 2042 593 2104 erit
615 2041 845 2122 incongruum.
880 2040 1029 2120 Cumque
1051 2040 1185 2119 insuper
1207 2040 1243 2103 in
1266 2039 1373 2120 gradu
1399 2036 1439 2103 19
1460 2038 1577 2100 coive-

443 2161 510 2223 rint
532 2159 696 2241 planetae,
720 2157 754 2221 in
781 2156 821 2223 18
843 2156 990 2238 ciusdem
1019 2159 1105 2240 signi
1129 2158 1234 2241 gradu
1256 2175 1367 2223 novus
1387 2157 1441 2221 lric
1462 2157 1575 2239 iulgor

445 2278 619 2361 apparuit;
642 2277 820 2342 interstitia
836 2277 970 2358 insuper
984 2277 1166 2342 secundum
1182 2276 1395 2350 latitudinem
1410 2276 1452 2341 ab
1465 2273 1578 2357 eclyp-

446 2397 512 2460 tica
534 2395 669 2459 luerunt
691 2400 781 2468 tunc,
804 2393 923 2458 Martis
940 2394 1074 2475 quidem
1098 2400 1249 2458 austrum
1272 2411 1391 2460 versus
1415 2413 1463 2476 gr.
1478 2393 1509 2456 o.
1528 2394 1582 2467 at,

445 2512 538 2578 lovis
560 2511 603 2575 ad
626 2515 760 2576 boream
796 2512 900 2604 gall.
924 2513 989 2586 37,
1017 2530 1125 2578 novae
1155 2518 1268 2577 autem
1302 2513 1389 2578 lucis
1413 2532 1460 2596 gr.
1488 2513 1516 2577 l.
1538 2511 1583 2575 ao

446 2631 595 2711 proxime
617 2630 651 2692 in
674 2629 874 2709 aquilonem,
898 2629 1032 2695 Saturni
1055 2649 1102 2711 gr.
1130 2631 1158 2694 l.
1176 2630 1219 2695 l8
1242 2631 1366 2712 pariter
1388 2630 1433 2694 ad
1453 2628 1582 2701 Ursam,

448 2755 485 2810 nt
508 2765 550 2810 ex
571 2748 644 2811 istis
666 2753 809 2826 quatuor
826 2747 1007 2810 luminibus
1025 2745 1132 2829 ligura
1150 2746 1419 2811 constitueretur.
1440 2745 1504 2812 Hic
1519 2745 1583 2810 lul·

447 2888 506 2951 gor
528 2874 698 2949 tamquam
731 2884 856 2932 novum
886 2885 905 2930 e
934 2867 1026 2931 coelo
1060 2868 1260 2932 miraculum
1284 2868 1396 2932 tardos
1419 2873 1521 2949 atque
1542 2867 1581 2930 ad

448 2992 572 3050 terram
594 2984 753 3049 demissos
776 2984 949 3067 populares
978 2986 1093 3050 oculos
1128 2985 1171 3049 ad
1205 2985 1321 3050 divina
1354 2985 1479 3060 erexit.
1499 2984 1581 3067 quod

448 3104 766 3187 fulgentissimornm
789 3103 1148 3184 innumerabiliumque
1171 3111 1338 3169 astrorum
1360 3108 1494 3180 caetus,
1512 3103 1583 3185 qui·

448 3224 509 3284 bus
532 3220 676 3283 aetherei
700 3221 807 3300 campi
837 3219 1110 3302 distinguuntur,
1144 3219 1274 3285 ellicere
1307 3238 1372 3284 non
1410 3221 1528 3295 valen
1548 3238 1583 3284 ea

450 3356 565 3420 nempe
588 3344 637 3401 est
660 3339 907 3425 compositionis
929 3338 1096 3403 humanae
1122 3341 1291 3414 conditio,
1322 3347 1358 3402 ut
1393 3342 1584 3421 quotidiana

451 3458 528 3518 licet
552 3457 769 3521 admiratione
792 3458 893 3539 digna
917 3476 975 3521 nos
1000 3465 1216 3539 praetereant,
1238 3467 1355 3523 contra
1378 3461 1407 3523 si
1431 3462 1515 3541 quid
1537 3463 1584 3524 in·

451 3577 585 3639 solitum
608 3582 707 3658 atque
729 3596 771 3640 ex
795 3595 885 3641 more
908 3585 1075 3642 mutatum
1099 3581 1255 3659 prodierit
1271 3580 1430 3661 populum
1455 3597 1584 3645 omnem

452 3700 624 3757 convocat.
648 3697 759 3759 Testes
776 3713 835 3758 vos
853 3698 943 3769 estis,
959 3714 1135 3760 numerosa
1149 3696 1320 3775 juventus,
1342 3697 1400 3776 qui
1418 3697 1488 3761 huc
1512 3715 1587 3760 con·

453 3809 611 3884 volastis,
634 3817 671 3873 nt
695 3829 746 3874 me
770 3812 894 3876 dehac
918 3815 1111 3877 admirando
1143 3815 1348 3894 apparitione
1373 3815 1586 3878 disserentem

454 3929 619 4002 audiatis;
642 3928 699 3991 alii
724 3933 887 4010 perterriti
919 3940 1017 4012 atque
1050 3950 1135 3995 vana
1159 3934 1392 4014 superstitione
1417 3934 1532 4014 perciti
1551 3939 1586 3994 ut

452 4048 637 4128 intelligant
660 4050 820 4128 numquid
846 4057 1072 4129 portentosum
1096 4052 1282 4135 prodigium
1307 4053 1455 4132 malique
1469 4052 1588 4117 ominis

454 4166 496 4227 sit
519 4165 703 4239 nuncium;
727 4168 783 4229 alii
810 4169 968 4232 mirantes
991 4189 1071 4233 num
1096 4188 1212 4234 verum
1230 4172 1321 4235 siuns
1337 4173 1370 4234 in
1398 4173 1501 4236 coelis
1521 4171 1590 4234 exi·

455 4289 519 4345 stat
542 4301 585 4345 an
610 4303 713 4364 vapor
736 4286 854 4348 ardens
883 4307 980 4367 prope
1009 4295 1132 4352 terram
1160 4296 1377 4370 quaerentes3
1414 4297 1448 4354 et
1483 4306 1591 4355 omnes

456 4402 495 4463 tle
519 4405 714 4480 substantia,
738 4412 840 4479 motu,
866 4408 937 4470 loco
960 4415 992 4471 et
1017 4412 1143 4472 ratione
1167 4412 1383 4491 apparitionis
1401 4412 1494 4475 illius
1513 4429 1591 4474 una·

459 4521 538 4582 nimi
574 4524 683 4586 studio
718 4525 815 4587 anxie
849 4526 1057 4599 siscitanles;
1092 4529 1270 4610 magnilica
1305 4531 1472 4593 mehercle
1506 4532 1593 4610 inge·

459 4638 653 4719 morumque
674 4650 859 4706 vostrorum
883 4646 982 4726 (ligna
1006 4649 1139 4730 cupidol
1162 4653 1204 4712 At
1227 4650 1270 4712 oh
1293 4652 1424 4714 utinam
1453 4653 1500 4714 rei
1524 4667 1591 4713 ma·

459 4754 635 4831 gnitudini.
659 4778 697 4822 ac
723 4768 852 4825 restrae
869 4766 1089 4843 expectationi
1111 4768 1231 4845 ingenii
1250 4769 1313 4831 mci
1335 4770 1480 4832 tenuitas
1498 4768 1591 4851 possit
