4109 5934
801 735 951 783 neoeoors
979 737 1038 784 ono
1067 738 1209 785 odoieno
1512 727 1573 792 531

445 868 528 931 Ioens
550 884 623 931 oero
645 884 707 931 sno
728 884 770 930 en
792 886 888 933 senen
908 870 1019 949 produt
1042 871 1198 951 dopmoto,
1218 882 1247 935 et
1271 882 1394 937 netotnr
1410 876 1575 938 observare

443 985 575 1049 codicem
598 983 676 1049 Dei?
703 982 820 1049 Omitto
841 987 920 1052 oIios
938 988 1108 1068 opiniones,
1128 1007 1208 1070 quoe
1230 1008 1251 1052 o
1274 991 1445 1071 majoribus
1469 1002 1574 1055 reten-

444 1112 501 1176 toe,
525 1113 680 1186 tonouom
701 1100 738 1167 de
759 1104 829 1186 ide,
845 1104 916 1184 ium
934 1123 992 1186 per
1013 1123 1207 1170 communem
1226 1108 1453 1188 experientiam
1470 1117 1575 1173 osten-

445 1221 565 1286 duntur
587 1238 650 1286 este
671 1221 791 1302 Inuum·
814 1230 860 1298 nt,
881 1223 965 1303 qnod
987 1224 1146 1304 antipodes
1170 1242 1234 1288 non
1258 1233 1375 1301 entent,
1405 1227 1488 1308 puod
1512 1248 1575 1292 non

444 1342 484 1401 sit
509 1340 661 1404 IeoIritotio
681 1341 739 1404 sno
760 1351 951 1423 oeqnotore,
973 1341 1057 1423 quod
1076 1343 1245 1422 porodisns
1265 1351 1322 1406 ont
1338 1343 1432 1423 inseri
1455 1345 1518 1408 rint
1542 1346 1575 1408 in

441 1459 540 1522 oitero
561 1459 785 1539 iternitpieoerio
805 1467 863 1522 ont
883 1459 918 1522 in
941 1459 1052 1522 Intuiis
1075 1456 1283 1531 Fortunatis:
1306 1461 1378 1522 item
1393 1460 1477 1541 qnod
1493 1460 1576 1524 Pro·

444 1577 576 1657 eopins,
609 1574 766 1641 Enteiine
799 1585 828 1639 et
862 1577 918 1641 otii
950 1585 1069 1650 merom
1091 1595 1185 1658 snper
1217 1594 1318 1659 opnor
1345 1577 1514 1658 fundorint
1536 1597 1576 1640 en

444 1689 634 1774 Soriptnro,
664 1693 756 1774 enjus
789 1695 988 1758 eontrarium
1010 1694 1203 1757 ostendentes
1239 1694 1295 1758 oiii
1307 1741 1315 1768 ,
1343 1713 1407 1760 non
1437 1695 1578 1759 domnoti

444 1819 541 1885 sunt,
562 1817 593 1873 et
615 1827 700 1874 nune
722 1810 762 1873 oo
785 1810 978 1889 experientia
1002 1809 1222 1889 defenduntur.
1252 1806 1340 1885 Onne
1363 1811 1495 1874 militant
1518 1829 1577 1892 pro

451 1924 599 1992 GeiiIoeo.

533 2046 719 2111 seeunmm
743 2047 910 2126 probatur.
946 2043 990 2109 Bt
1010 2047 1134 2127 primo,
1157 2065 1201 2110 on
1232 2056 1318 2111 terro
1344 2022 1391 2110 'sit
1413 2049 1448 2111 in
1471 2056 1577 2111 eentro

444 2163 617 2229 mundiore
638 2172 754 2239 eotro,
776 2182 841 2228 non
862 2163 953 2229 modo
976 2163 1054 2227 ninii
1070 2152 1204 2245 pertinet
1226 2166 1267 2229 od
1289 2166 1400 2245 dopmo
1421 2165 1513 2248 fidei,
1538 2175 1573 2228 ut

443 2282 557 2377 diseunt
581 2280 621 2344 n.
649 2279 782 2346 Tnomos
800 2281 835 2344 io
857 2283 901 2347 IV
920 2284 1106 2355 assertione,
1120 2282 1173 2346 sed
1188 2285 1343 2346 asseritur
1358 2285 1452 2346 etium
1466 2293 1569 2363 poste-

443 2403 510 2464 rius
531 2419 553 2465 o
572 2400 717 2482 potriont
743 2410 772 2463 et
808 2400 1006 2465 eenotnsneie.
1043 2399 1204 2482 Imprimis
1230 2399 1411 2464 Instantius
1435 2400 1486 2464 tio.
1510 2402 1573 2473 III,

445 2534 512 2599 oop.
536 2516 603 2590 23,
636 2516 830 2599 Procopius,
860 2515 1016 2583 nodosus
1049 2517 1223 2600 Episcopus
1252 2517 1436 2590 Turrensis,
1468 2515 1575 2581 Euse-

450 2635 518 2700 bins
535 2632 711 2717 Episcopus
726 2635 922 2714 Emirsenur,
937 2636 1083 2701 Iustinus
1100 2640 1135 2700 in
1154 2634 1283 2712 Onnest.
1304 2637 1530 2708 odortodooor,
1549 2644 1577 2698 et

448 2756 504 2820 oiii
523 2755 719 2828 existimant,
741 2773 805 2820 non
826 2771 890 2819 esse
914 2764 1031 2821 terrum
1054 2757 1090 2818 In
1112 2764 1219 2820 centro
1241 2754 1361 2832 mnndi,
1385 2773 1440 2819 nee
1458 2755 1576 2820 eoeinm

450 2891 515 2938 esse
538 2874 717 2939 rotundum.
740 2873 828 2939 Idem
850 2876 945 2938 sentit
970 2874 1207 2956 Cmpsostomus
1230 2873 1382 2940 in*.Hom.
1402 2877 1444 2940 VI
1460 2883 1489 2938 et
1507 2875 1579 2940 XIII

453 3011 550 3077 rnper
565 2990 659 3071 Gen..
675 3002 703 3057 et
717 2995 752 3057 in
764 2992 857 3077 Hom.
870 2993 977 3058 XXXI
991 3011 1086 3075 snper
1100 2993 1273 3076 EpistoIom
1289 2994 1331 3057 od
1346 2991 1448 3066 Rom,
1462 2994 1516 3056 ubi
1537 2995 1577 3055 eit

449 3109 617 3184 Gsmnno,
642 3114 784 3193 ionotnm
806 3128 869 3175 esse
890 3120 983 3193 putot
1005 3112 1205 3183 mortoiibnse
1226 3111 1310 3193 qnod
1326 3119 1355 3173 et
1375 3107 1575 3191 Aupnstinns

447 3230 546 3306 dotet,
569 3230 618 3294 iio.
642 3230 734 3295 XXII
752 3229 789 3293 dt
812 3229 945 3295 Ciuitate
971 3227 1044 3304 Dei,
1066 3246 1133 3310 eop.
1160 3229 1214 3303 16,
1238 3239 1266 3293 et
1290 3228 1444 3310 Mopirler
1466 3229 1499 3290 in
1523 3227 1577 3302 IV,

449 3347 519 3411 dist.
542 3347 596 3424 II,
618 3357 647 3412 et
670 3347 712 3411 D.
735 3347 880 3425 Tnomor,
903 3364 991 3430 opus.
1015 3348 1074 3420 XI,
1097 3356 1161 3410 ort.
1186 3347 1237 3411 15.
1264 3345 1445 3411 Genennom
1469 3355 1578 3410 nutem

446 3466 567 3528 esseio
599 3475 705 3531 eentro
736 3468 783 3531 oei
816 3467 880 3532 iooo
913 3475 1016 3530 terroe
1051 3476 1176 3530 nostroe
1210 3484 1251 3529 en
1284 3466 1400 3546 inferni
1428 3465 1579 3528 ooeoonio
1698 3469 1701 3473 ’

450 3583 561 3656 suitur,
575 3592 604 3645 et
619 3585 696 3665 puin
706 3583 882 3665 Aponotne,
896 3584 938 3647 od
950 3581 1064 3664 Bpnes.
1077 3584 1131 3652 lv.
1143 3581 1241 3644 dinis:
1257 3580 1426 3647 Christum
1441 3579 1578 3642 deseen-

448 3698 534 3762 disoe
556 3700 599 3764 nd
620 3698 793 3765 interiores
815 3706 924 3780 partes
947 3705 1064 3764 terrae.
1098 3697 1187 3778 Erpo
1209 3697 1318 3759 inient
1340 3695 1494 3776 infernus,
1519 3695 1582 3757 m'si

448 3818 526 3881 olins
551 3824 649 3880 terroe
669 3833 847 3899 ponomsne
869 3826 899 3881 et
923 3815 1027 3880 Dooid
1048 3817 1122 3881 dior‘t
1150 3815 1185 3880 de
1217 3814 1403 3879 cunerono
1425 3814 1583 3895 inferiora

446 3936 594 4016 proferto,
616 3943 651 3999 ut
674 3938 803 4018 reponit
825 3935 940 4001 Petrus
956 3914 1135 4018 Apostolos,
1160 3935 1312 4001 dotorum
1330 3935 1373 3998 II:
1399 3935 1471 3999 Non
1486 3933 1584 3996 dere·

451 4054 582 4135 linquas
605 4055 750 4120 mmum
772 4073 882 4121 meam
903 4057 939 4120 in
961 4055 1100 4120 inferno.
1136 4053 1226 4137 Brpo
1249 4062 1358 4119 utrum
1382 4062 1466 4115 terro
1487 4051 1528 4113 eit
1549 4048 1585 4111 in

450 4179 556 4235 centro
578 4172 700 4250 mnndi,
722 4182 767 4236 est
788 4175 941 4254 ipnotnm.
964 4169 1008 4235 dt
1031 4174 1059 4236 si
1083 4173 1224 4237 tenebras
1241 4169 1422 4251 infernales,
1437 4167 1584 4230 exterio·

451 4307 502 4354 res
525 4309 546 4354 o
569 4289 692 4357 Christo
713 4302 847 4364 ooootos,
866 4300 960 4356 extro
973 4291 1128 4354 mnndum
1147 4293 1218 4372 onis
1231 4297 1341 4369 ponot,
1359 4295 1394 4350 nt
1408 4282 1581 4366 oiiquondo

451 4409 634 4490 suspiratur
652 4407 801 4490 Oripenes
812 4427 906 4491 snper
917 4408 1125 4487 Hammeum,
1137 4417 1165 4472 et
1184 4408 1420 4488 Cirprostornus
1436 4402 1586 4485 opinetur

451 4544 544 4608 snper
566 4526 739 4610 Epittoiom
759 4529 801 4592 od
824 4526 1004 4600 Iiomonos,
1027 4536 1223 4610 sequeretur,
1246 4524 1329 4606 quod
1350 4525 1414 4586 rint
1431 4520 1498 4585 olio
1514 4532 1581 4603 spt-

454 4652 570 4710 umato
592 4654 685 4712 extro
705 4646 861 4711 mnndum
895 4654 1056 4718 nmirum,-
1089 4643 1172 4726 quod
1204 4659 1344 4706 censores
1379 4642 1413 4704 in
1449 4634 1580 4705 Golilw

452 4761 623 4837 donnonn·
645 4765 722 4846 puio
738 4762 936 4845 Soriptnrom
958 4772 987 4826 et
1010 4772 1191 4828 tunctorum
1210 4772 1340 4843 potrum
1363 4756 1477 4825 rodieet
1490 4768 1578 4821 rer!-
