4109 5934
828 752 857 798 m
879 751 1013 798 nunciare
1039 750 1196 798 mannan
1514 735 1578 801 i23

446 907 464 945 ι
489 882 628 946 nebroei:
653 905 670 942 n
696 880 779 963 quad
801 879 986 945 Moestiinns
1006 879 1112 943 metitis
1128 880 1239 960 prodat
1254 881 1489 961 coperimentie,
1513 897 1577 943 nan
1653 880 1656 885 ’

443 1002 606 1065 nocturnis
630 1008 779 1071 tantam,
800 1014 937 1080 quornm
958 1013 1056 1060 ennea
1082 997 1117 1059 in
1143 1000 1244 1059 airam
1268 996 1356 1078 rejici
1378 1008 1504 1077 poscet:
1525 998 1579 1060 red

442 1131 470 1183 et
492 1120 630 1192 diurnic,
649 1117 776 1200 qnando
797 1116 885 1179 stetin
915 1115 1050 1188 Venerin,
1066 1135 1098 1178 ee
1111 1126 1180 1196 port
1202 1113 1311 1179 Lanae
1328 1115 1436 1195 bifidae
1453 1126 1577 1197 partem

442 1239 621 1302 ttmdracam
636 1236 757 1316 recipit.
781 1234 892 1299 Veram
904 1252 979 1316 pace
994 1244 1100 1297 vestra
1115 1235 1192 1297 mitti
1208 1236 1308 1308 liceat,
1326 1254 1382 1315 epa
1400 1237 1459 1298 etei
1477 1253 1582 1298 aerem

443 1353 553 1419 Lunae
576 1353 729 1424 concedo,
755 1363 859 1446 tamen
882 1369 975 1432 nuper
998 1353 1054 1415 noe
1078 1353 1293 1433 experimento
1315 1367 1427 1414 manea
1450 1352 1485 1413 in
1508 1369 1582 1414 een-

444 1475 564 1538 tentia:
588 1470 709 1536 Lamon
731 1473 805 1533 nine
829 1468 940 1533 Lanae
963 1470 1035 1531 inde
1057 1469 1160 1532 cteitoe
1196 1470 1231 1532 de
1266 1469 1313 1532 die
1340 1470 1435 1532 etiam
1457 1488 1521 1533 rese
1547 1474 1580 1533 in

444 1589 535 1656 cottio
556 1571 718 1671 atnpiiare,
738 1589 899 1669 meamque
917 1588 1016 1666 partit
1043 1586 1219 1650 tenebrosae
1241 1604 1377 1668 carpere,
1400 1597 1437 1649 nt
1460 1607 1498 1649 ee
1521 1593 1582 1652 mi·

444 1716 547 1781 nata,
572 1706 674 1770 incida
696 1711 814 1785 mapna
832 1713 974 1786 pacetur.
1000 1703 1075 1766 ,Vide
1098 1706 1199 1784 aprica
1222 1723 1291 1767 mea
1314 1705 1368 1787 soi.
1393 1705 1469 1769 217.

534 1821 686 1916 Sequitur
707 1825 742 1888 in
765 1832 820 1886 teta
842 1823 941 1886 iibeiio
961 1823 1014 1905 soi.
1042 1822 1082 1888 13
1105 1822 1268 1902 inpent'ara
1300 1832 1328 1885 et
1349 1822 1500 1904 ‘lepitinta
1525 1826 1579 1888 de·

444 1945 630 2008 monstratio
663 1942 731 2024 ejnr
766 1942 849 2022 pand
871 1958 892 2004 a
914 1960 962 2005 me
985 1958 1108 2023 peraque
1141 1942 1194 2022 [ot.
1229 1942 1294 2006 250
1317 1946 1437 2023 panim
1460 1944 1578 2008 dictam

444 2071 499 2137 eet,
521 2061 771 2126 demonstratam
786 2079 857 2124 cero
872 2062 1017 2131 minime,·
1033 2070 1152 2123 montes
1177 2061 1302 2124 innaret
1327 2063 1425 2126 matta
1447 2063 1583 2143 majores

443 2194 506 2241 octe
529 2179 671 2252 torrenin
694 2177 787 2257 idque
809 2194 874 2239 non
898 2185 1022 2240 tantam
1045 2178 1080 2239 in
1102 2179 1302 2258 proportione
1321 2196 1453 2242 cnorum
1475 2180 1581 2259 piabo·

445 2312 528 2370 retm,
549 2295 635 2377 qnod
656 2313 711 2374 epo
734 2295 894 2358 dixeram:
917 2295 969 2357 sed
992 2298 1025 2356 in
1050 2296 1281 2376 comparatione
1297 2297 1438 2376 simplici.
1458 2294 1583 2362 Seiiicet

445 2414 687 2485 desiderabatur,
711 2414 753 2476 ad
776 2415 831 2477 itac
854 2413 1144 2486 demonstrandam,
1169 2423 1258 2476 tetum
1279 2415 1502 2495 perspiciiieem,
1528 2428 1585 2480 tan

445 2533 480 2594 in
502 2530 697 2595 observando
719 2530 888 2609 diiipentia.

537 2645 600 2711 Nec
623 2647 728 2709 minae
753 2649 913 2727 inpertiam
930 2658 957 2708 te
973 2647 1026 2726 sat.
1055 2647 1095 2711 11
1119 2664 1281 2727 comparas
1296 2647 1338 2709 ad
1352 2647 1582 2712 observationes

444 2767 525 2831 dicei
549 2764 710 2840 Lanario,
733 2783 805 2829 cnm
834 2768 862 2829 ei
890 2766 1029 2847 primam
1052 2773 1248 2828 enascantur
1269 2782 1412 2838 cornera,
1436 2766 1586 2849 docesque

448 2902 571 2949 cornua
596 2886 718 2964 oojeem
742 2886 812 2948 tecti
835 2894 958 2964 tepere:
992 2894 1026 2946 nt
1062 2884 1201 2964 retiquae
1225 2883 1327 2946 &aar
1351 2885 1497 2947 emineat.
1523 2882 1584 2948 mr

444 3005 492 3067 itio
516 3005 595 3068 midi
617 3003 729 3066 modern
751 3003 939 3067 observandi
961 3003 1196 3066 usitatissimus.

535 3119 629 3198 Quod
661 3138 735 3185 cero
771 3121 1070 3185 demonstrationem
1091 3122 1228 3192 attinet,
1259 3137 1339 3202 qaae
1374 3121 1508 3184 ostendit
1533 3123 1589 3186 doc

448 3241 552 3303 tamen
567 3259 607 3305 ea
623 3248 737 3304 nostra
766 3237 886 3303 Teitnre
908 3238 1039 3322 effundi,
1057 3256 1095 3302 ea
1106 3239 1177 3318 jam
1195 3256 1216 3301 a
1234 3240 1350 3318 ripinti
1372 3241 1469 3302 annio
1493 3260 1590 3324 eoqne

444 3361 578 3440 ampiintc
600 3360 660 3440 fnit
682 3377 778 3440 penes
802 3357 1018 3428 Maritimam,
1043 3375 1084 3421 ea
1105 3357 1199 3437 cnjns
1221 3358 1367 3422 doctrina
1390 3359 1476 3423 iiiam
1499 3369 1592 3424 tran·
1700 3409 1703 3413 .

446 3477 524 3542 nterii
545 3478 582 3540 in
604 3495 704 3543 meant
726 3478 947 3543 Antranomiae
963 3486 1085 3559 partem
1113 3479 1248 3557 apticam
1271 3497 1340 3559 cap.
1372 3478 1413 3539 VI
1435 3497 1523 3542 nam.
1550 3480 1591 3544 11)

444 3595 500 3676 sai.
519 3595 588 3659 252
602 3595 782 3677 pienicrimo
806 3602 955 3659 tractata:
972 3595 1029 3658 nii
1045 3593 1169 3657 eaedem
1192 3597 1287 3657 etiam
1309 3595 1471 3674 opiniones
1495 3596 1594 3678 (qaod

448 3712 555 3776 iancea
576 3714 632 3777 itac
655 3715 697 3777 tit
722 3733 742 3777 a
768 3712 863 3786 Sale,
888 3712 978 3776 aeia
1010 3712 1136 3796 Venere)
1162 3721 1263 3774 tecam
1293 3712 1397 3775 eodem
1430 3714 1520 3776 mado
1543 3733 1593 3776 re-

449 3830 541 3911 luta,
565 3832 625 3894 niti
658 3831 742 3912 qaod
775 3833 857 3894 dano
893 3830 1041 3893 nltimam
1064 3831 1177 3893 merita
1199 3848 1281 3903 sno,
1300 3831 1396 3911 panio
1419 3847 1513 3909 qaam
1539 3842 1594 3903 tu,

449 3947 575 4013 maiiinn
599 3951 730 4031 eccipio.

542 4065 644 4131 Pntat
667 4068 719 4148 sai.
739 4068 780 4131 15
796 4068 943 4132 roborem
965 4069 1055 4132 ittam
1077 4066 1188 4131 Lanae
1210 4070 1374 4143 adenenm,
1394 4086 1486 4150 prtem
1509 4069 1596 4131 circa

450 4184 663 4249 ectrenttatee
691 4183 822 4249 umbrae
851 4195 995 4250 terrenae
1024 4183 1118 4249 Letna
1145 4187 1292 4266 eclipsata
1314 4187 1448 4259 retinet,
1472 4184 1595 4267 reiiqno

453 4319 582 4383 corpore
599 4303 693 4384 [ntea
711 4314 739 4367 et
759 4306 904 4378 evanida,
919 4323 983 4368 enee
1000 4324 1040 4368 en
1056 4305 1286 4368 illuminatione
1305 4306 1426 4368 oieinae
1444 4304 1595 4367 snbstan-

455 4420 518 4483 tiae
540 4421 708 4485 aetiteriae.
734 4420 879 4504 Adjaoan
902 4441 1003 4486 meam
1026 4422 1062 4486 de
1085 4422 1189 4485 eodem
1216 4422 1329 4485 robore
1353 4421 1594 4502 disputationem

454 4537 509 4616 [oi.
533 4536 597 4603 271
622 4541 806 4621 opticonnm,
828 4541 883 4604 nii
905 4558 973 4604 eam
996 4559 1038 4603 erc
1060 4539 1203 4621 refractis
1227 4541 1261 4601 in
1287 4549 1396 4602 nostro
1418 4556 1490 4602 aere
1513 4536 1594 4604 Soiir

458 4654 557 4719 rttdiir
579 4656 714 4723 moneo.-
736 4669 765 4723 et
786 4658 966 4724 accomodat
989 4675 1027 4721 ea
1050 4674 1131 4739 qnae
1151 4657 1203 4736 fai.
1228 4656 1289 4721 301
1316 4656 1453 4731 addam,
1477 4658 1519 4720 ad
1540 4674 1598 4721 ro

462 4774 576 4838 tionem
600 4776 784 4852 dicendam,
812 4796 870 4841 cnr
892 4780 926 4840 in
950 4777 1037 4841 totali
1063 4773 1145 4839 Satis
1176 4777 1281 4856 eciipei
1303 4795 1368 4838 non
1392 4792 1598 4858 semperne:
