4109 5934
447 735 511 801 3111
798 731 802 742 “
900 749 1126 796 enzront

446 883 562 945 umbra
587 880 619 942 in
644 885 764 943 terram
788 879 1001 942 demittebant
1026 885 1064 942 ut
1087 896 1128 941 ex
1165 877 1406 943 illuminatione
1431 880 1517 945 Solis
1549 885 1581 942 et

446 1000 558 1062 Lunae
574 997 721 1078 contigit,
736 997 814 1076 quia
836 997 871 1058 in
894 997 945 1060 his
969 1002 1103 1078 tamque
1126 999 1168 1061 ab
1191 1014 1258 1060 uno
1281 1002 1404 1078 puncto
1428 999 1581 1079 provenit

445 1114 653 1188 illuminatio,
676 1119 754 1176 tuno
779 1130 858 1176 vero
880 1130 922 1176 ex
945 1119 1065 1194 quarta
1083 1112 1150 1176 lere
1168 1113 1250 1176 coeli
1269 1118 1362 1195 parte
1381 1129 1506 1195 magna
1526 1113 1584 1176 lux

445 1233 628 1296 emanabat.
653 1230 849 1312 Saepissime
872 1237 983 1294 autem
1007 1205 1199 1313 hujusmodi
1233 1248 1373 1314 vapores
1403 1231 1581 1314 sanguinei

444 1359 476 1414 et
499 1353 606 1415 crocei
632 1356 790 1432 apparent
793 1399 910 1413 ......

527 1582 719 1652 Appiunpiamo
738 1581 819 1650 indae
837 1581 930 1634 alcum
946 1580 1065 1648 apponii
1081 1579 1215 1649 automni
1231 1594 1287 1647 par
1305 1580 1368 1639 caci,
1387 1577 1500 1631 relativi
1513 1576 1541 1628 al
1552 1577 1589 1643 se

440 1698 553 1738 nomene
570 1682 640 1736 detta
658 1679 756 1736 Nttooa
774 1678 875 1743 Stella,
894 1681 940 1735 clte
958 1683 1099 1736 cercirono
1118 1681 1191 1747 sorae
1212 1696 1230 1733 a
1254 1677 1360 1736 dam
1377 1677 1589 1732 ncldiateutlm

440 1784 527 1838 lccuc
545 1781 667 1845 Leaiom,
678 1797 695 1835 o
706 1782 802 1853 clt’cpli
817 1797 902 1837 osane
918 1797 1048 1851 appresto
1066 1781 1236 1851 rcpictrando
1252 1797 1271 1835 a
1287 1783 1395 1835 sium
1414 1781 1460 1834 dei
1476 1781 1588 1834 discam

439 1898 453 1935 c
471 1881 540 1952 depti
558 1882 666 1943 scritti,
684 1883 730 1935 cai
748 1881 838 1950 quella
856 1881 1037 1948 apparitione
1054 1880 1123 1933 dette
1142 1879 1219 1948 teopo
1235 1894 1286 1947 per
1304 1879 1420 1949 quaele
1438 1887 1535 1948 tempo.

533 2086 701 2160 Marimus
723 2103 816 2148 error
830 2090 879 2148 est
894 2085 1057 2165 imprimis
1081 2101 1308 2166 quaecumque
1331 2084 1517 2149 educerent
1543 2086 1577 2146 in

445 2203 578 2266 sublimi
603 2220 643 2266 ea
665 2203 778 2266 omnia
800 2203 904 2267 veluti
927 2201 1076 2282 ejusdem
1098 2208 1238 2266 naturae
1259 2208 1294 2266 et
1314 2203 1472 2267 essentiae
1496 2219 1579 2266 con-

444 2319 599 2397 siderare,
623 2338 701 2385 cnm
725 2320 871 2402 alioquin
896 2326 964 2384 toto
985 2320 1119 2385 differre
1140 2321 1234 2385 coelo
1252 2321 1390 2404 possint,
1412 2326 1445 2385 et
1466 2326 1579 2384 tamen

445 2436 528 2501 Solis
552 2437 662 2501 lumen
686 2439 831 2519 recipere
852 2443 885 2501 et
909 2436 1092 2512 reflectere,
1116 2442 1209 2501 utet
1231 2436 1360 2521 lignum
1383 2444 1419 2502 et
1438 2437 1523 2520 lapis
1545 2445 1577 2500 et

443 2559 566 2630 nubes,
588 2575 653 2619 non
678 2557 775 2620 aliter
796 2575 897 2638 quam
919 2557 947 2620 si
970 2558 1044 2638 quis
1067 2557 1190 2621 dixerit
1218 2575 1361 2633 aurum,
1385 2556 1577 2638 plumbum,

445 2674 592 2755 lignum,
615 2672 781 2753 lapidem,
805 2674 967 2755 glaciem,
990 2692 1147 2770 pomum,
1169 2692 1326 2750 carnem,
1347 2692 1449 2751 ossa,
1469 2683 1581 2739 ceram

446 2808 548 2854 unum
583 2797 615 2852 et
650 2790 736 2853 idem
759 2809 831 2855 esse
857 2793 935 2873 quia
958 2794 1113 2857 omnibus
1148 2794 1236 2857 idem
1271 2799 1383 2858 motus
1405 2795 1580 2866 deorsum

444 2910 559 2972 eadem
571 2928 590 2971 a
604 2908 677 2974 Sole
690 2909 899 2973 illuminatio.
914 2909 1025 2996 (MSS.
1040 2908 1125 2988 Gal,
1139 2912 1216 2976 l'or.
1229 2912 1248 2976 l
1255 2912 1287 2987 V,
1304 2910 1392 2976 Tem.
1405 2913 1440 2989 o,
1449 2910 1505 2994 tot.
1519 2911 1578 2997 ta).

532 3146 711 3210 Ostendere
738 3146 826 3226 quod
854 3145 896 3208 ad
926 3126 1042 3210 lumen
1064 3147 1149 3212 Solis
1172 3149 1409 3211 reflectendum
1437 3145 1577 3212 sufficiat

444 3266 609 3329 levissima
634 3264 847 3327 condensatio
867 3283 965 3345 supra
985 3267 1181 3331 tenuitatem
1200 3269 1329 3339 aeteris,
1349 3267 1450 3346 idque
1467 3283 1577 3328 exem·

444 3382 496 3463 plo
520 3384 656 3445 nubium
681 3384 841 3446 sterilium
865 3402 949 3464 quae
972 3386 1075 3448 veluti
1100 3387 1279 3450 vastissimi
1303 3390 1433 3448 montes
1451 3385 1488 3448 in
1508 3398 1577 3446 aere

444 3500 619 3582 pendentes
642 3519 661 3564 a
686 3501 758 3566 Sole
781 3520 880 3581 supra
905 3504 1031 3566 Lunam
1056 3512 1087 3567 et
1111 3503 1223 3567 stellas
1245 3520 1359 3567 omnes
1385 3501 1576 3564 illuminan-

445 3626 509 3692 tur,
533 3619 578 3680 ita
602 3626 639 3681 ut
661 3619 874 3682 condensatio
894 3620 989 3702 longe
1013 3623 1122 3685 minor
1145 3629 1252 3704 posset
1276 3637 1377 3701 supra
1402 3618 1517 3683 stellas
1537 3616 1576 3678 il·

445 3738 611 3800 luminari.
638 3735 794 3823 (ibidem).

531 3974 709 4038 Ostendere
731 3977 955 4055 experimento
979 3977 1105 4039 Lunam
1127 3994 1198 4039 esse
1219 3975 1476 4059 splendidiorem
1502 3989 1574 4037 cae·

445 4094 520 4155 teris
543 4091 656 4167 stellis,
682 4098 751 4155 tum
774 4094 853 4174 quia
876 4095 988 4157 stellae
1006 4110 1120 4157 omnes
1144 4112 1207 4157 non
1232 4093 1424 4157 illuminant
1447 4100 1485 4156 nt
1506 4090 1570 4155 sola

445 4209 557 4284 Luna,
583 4214 651 4272 tum
681 4211 758 4289 quia
784 4212 906 4292 exigua
930 4229 1004 4291 pars
1027 4230 1129 4275 cornu
1165 4212 1235 4293 ejus
1270 4217 1401 4275 tantum
1430 4212 1572 4291 inspecta

445 4326 547 4387 vincit
571 4325 697 4405 fulgore
723 4326 805 4390 fixas
828 4346 953 4395 omnes,
978 4327 1130 4414 (Ibidem).

533 4562 605 4625 Non
632 4582 702 4626 esse
730 4566 907 4629 absurdum
944 4569 1043 4631 talem
1078 4568 1367 4632 condensationem
1395 4585 1515 4648 ponere
1539 4565 1568 4625 in

445 4677 547 4751 coelo,
569 4689 691 4745 cumei
708 4684 798 4746 circa
823 4684 949 4748 Lunam
974 4687 1077 4749 veluti
1102 4687 1190 4749 eirca
1215 4688 1349 4748 Terram
1370 4684 1570 4748 consimilem

448 4793 627 4858 videamus.
654 4798 806 4883 (Ibidem).
