4109 5934
805 733 956 780 neoeoorn
980 734 1039 780 eno
1062 735 1204 783 ostreno
1515 724 1579 792 523

368 933 372 940 ,
447 886 539 931 naeus
562 883 650 931 anna
672 863 801 930 Donnni
823 864 852 933 D
873 869 1036 934 oauteautt
1059 877 1204 931 aetenam
1231 870 1461 949 expositionum
1485 888 1579 951 super

447 984 482 1050 S.
506 983 690 1068 Scripturas
713 1002 753 1052 ea
775 985 917 1061 omnium
928 995 1059 1068 patrum
1077 989 1311 1059 monumentiss
1334 997 1363 1050 et
1383 987 1495 1068 protat
1517 1006 1579 1053 an-

446 1105 565 1188 tipodot
587 1121 653 1169 nors
675 1112 793 1171 satore.
817 1102 863 1169 Bt
886 1120 927 1169 en
954 1122 1063 1170 eorum
1090 1107 1179 1171 dietis
1209 1115 1238 1171 et
1267 1107 1491 1175 autoritatibus
1515 1103 1578 1171 Sa-

445 1243 517 1291 erae
543 1222 730 1307 Soripturae
751 1222 788 1290 S.
814 1220 950 1308 Ephrem
965 1226 1001 1288 in
1016 1236 1079 1291 toto
1093 1228 1192 1291 attero
1214 1227 1451 1307 nemtsptaorio.
1474 1244 1494 1292 a
1519 1225 1579 1290 Co·

446 1345 550 1410 hemia
570 1345 720 1420 inuento,
740 1344 926 1425 paradisum
953 1353 1133 1408 terrestrem
1159 1346 1258 1426 ponit.
1289 1342 1333 1407 tn
1367 1343 1492 1426 quidem
1518 1361 1579 1425 pro

446 1463 609 1529 tamensis
630 1462 787 1526 indentur
808 1462 894 1544 apud
912 1472 1018 1544 patres
1049 1461 1221 1542 quosdam,
1249 1463 1304 1543 pui
1331 1461 1497 1543 antipodas
1519 1482 1577 1542 po-

447 1590 540 1647 aaut.
561 1578 771 1646 diuturnius
793 1597 902 1644 sonem
923 1581 1055 1644 assertio
1077 1581 1241 1644 contraria
1259 1579 1386 1642 ueritati
1405 1597 1462 1660 per
1484 1582 1579 1643 nani-

446 1710 557 1782 pantrs
574 1699 738 1782 panditur.
767 1696 853 1763 Unde
876 1701 904 1763 ti
926 1716 997 1762 aere
1019 1698 1218 1761 eontrarium
1245 1698 1412 1778 seripturis
1439 1697 1497 1760 Dei
1518 1706 1579 1771 est,

446 1827 555 1882 emtore
576 1815 761 1897 semdae,
784 1822 822 1881 ut
842 1814 887 1878 iiii
908 1815 1072 1890 disserunt,
1105 1823 1163 1878 aut
1184 1814 1370 1895 paradisum
1400 1823 1576 1877 terrestrem

446 1936 507 2000 tttte
527 1952 591 2000 esse
614 1943 672 2000 aut
694 1935 814 2017 inserat
836 1942 865 1999 rt
886 1936 1120 2016 purpatorium
1143 1943 1178 1997 ut
1203 1933 1354 2005 Bantius,
1383 1931 1526 1996 Isidorus
1549 1941 1577 1995 et

444 2053 503 2132 aiij
524 2052 647 2134 opinati
666 2061 766 2125 tamir
786 2050 933 2133 sequitur
953 2052 1037 2133 quod
1055 2052 1173 2114 ueritas
1182 2051 1252 2131 jam
1267 2049 1432 2132 propalata
1445 2066 1501 2130 per
1518 2047 1579 2113 Co-

446 2169 586 2233 tusnburn
607 2169 648 2232 sit
671 2169 833 2233 contraria
862 2168 1027 2249 seripturis
1067 2165 1122 2230 rtet
1154 2175 1214 2230 out
1247 2167 1385 2231 dissona.
1412 2164 1578 2230 Praeterea

402 2334 406 2341 -
443 2287 522 2352 idem
544 2287 718 2368 Prosopius
741 2294 771 2350 st
792 2285 1036 2366 amputabant,
1055 2293 1253 2349 terramesse
1271 2302 1364 2366 super
1380 2301 1481 2366 aquas
1497 2284 1576 2364 sun·

445 2407 554 2472 Mum
573 2414 605 2470 et
626 2406 669 2469 eis
689 2405 850 2479 inmutare,
869 2404 954 2485 quod
974 2402 1047 2468 oiim
1074 2401 1282 2485 Xenophanes
1309 2403 1505 2484 philosophus
1528 2402 1577 2463 di·

443 2533 562 2588 auat:
583 2539 682 2605 quum
702 2522 881 2604 opinionem
900 2523 1037 2604 probant
1059 2540 1074 2586 e
1098 2519 1283 2603 Scripturis.
1307 2521 1423 2585 dicente
1453 2518 1576 2584 Dauid.-

446 2640 512 2720 Qui
535 2639 682 2705 firmavit
706 2646 826 2703 terram
849 2657 947 2720 super
980 2658 1093 2720 aquas,
1117 2640 1149 2700 in
1178 2638 1260 2703 Psoi.
1285 2638 1461 2708 CXXXV:
1486 2647 1516 2700 et
1542 2636 1577 2701 in

447 2757 532 2822 Psoi.
555 2756 705 2824 cxxme
721 2755 824 2838 Super
845 2758 953 2820 mario
976 2756 1129 2821 fundarit
1152 2773 1236 2820 eam.
1261 2754 1470 2818 Nihilominus
1490 2771 1575 2816 nuno

440 2875 573 2957 peusiiis
594 2882 724 2956 apparu
745 2874 780 2936 in
802 2872 901 2938 medio
924 2872 1044 2944 mundi.
1067 2875 1200 2954 seipsam
1223 2878 1403 2935 sustentares
1422 2877 1451 2933 et
1465 2886 1578 2950 aquas.

445 3001 475 3056 st
494 3010 560 3056 non
581 2992 622 3056 ab
643 2991 736 3074 aquis
758 2998 937 3054 sustentatu
958 2990 1111 3063 deorsum,
1135 3000 1172 3052 ut
1195 2990 1254 3071 ipsi
1275 2987 1452 3051 eredebant.
1470 2985 1576 3067 Neque

445 3112 528 3175 eniut
549 3109 648 3174 datur
667 3109 812 3175 deorsum
832 3108 1007 3173 seeundum
1029 3117 1191 3179 naturam,
1214 3107 1278 3170 nisi
1295 3113 1449 3176 centron,
1465 3121 1577 3167 seeun-

446 3228 522 3293 dum
540 3229 696 3311 cujusque
716 3228 894 3309 systematis
918 3226 1195 3300 conseruationem
1213 3219 1471 3306 effundentibus
1498 3234 1576 3301 par·

447 3347 532 3410 tibus
550 3346 595 3411 ad
614 3355 780 3419 romunt,
807 3353 845 3408 ut
870 3345 949 3409 uuio
976 3344 1070 3407 tostus
1105 3352 1135 3405 et
1167 3342 1364 3406 nammatio
1386 3340 1576 3404 eeteoretur:

447 3463 532 3528 unde
554 3463 649 3527 etisns
666 3472 775 3545 partes
796 3463 869 3527 sotis
891 3461 1068 3543 ponderant
1089 3459 1131 3524 ad
1151 3468 1294 3523 oentrsuu
1315 3459 1402 3533 solis,
1424 3467 1453 3522 et
1473 3464 1576 3539 portes
1659 3495 1661 3499 -

448 3581 544 3645 tunae
572 3581 618 3646 sd
643 3591 791 3646 Μίνωι
811 3581 914 3644 unae.
937 3577 1033 3657 Quod
1053 3578 1151 3642 anate
1180 3576 1268 3639 torsit
1294 3572 1329 3639 S.
1353 3573 1575 3642 introitum.

447 3718 487 3764 ne
508 3709 612 3764 nutus
631 3698 708 3764 sarii
728 3701 769 3763 sit
789 3701 979 3780 compositus
1005 3717 1046 3762 eo
1072 3696 1239 3760 eueatnm
1272 3701 1330 3756 aut
1362 3692 1575 3772 depressione,

446 3817 530 3881 unde
550 3817 720 3883 ineiinaoat
741 3816 785 3882 nd
805 3817 937 3900 mum
958 3817 1029 3898 ejus
1050 3832 1124 3879 oum
1149 3814 1368 3894 ctepsastomo
1387 3818 1416 3872 et
1434 3809 1503 3873 aiir‘s
1515 3826 1576 3890 pa-

446 3934 557 4000 tribus.
586 3930 678 4010 uase
700 3944 807 4000 tarsun
831 3943 1022 4016 arpurnenta
1056 3935 1091 3997 in
1123 3929 1349 3996 mammutius
1380 3927 1575 4007 parvisunt

444 4053 603 4118 nausti
623 4052 705 4126 Vde.
727 4071 825 4136 quum
843 4053 1055 4137 pernieiasun
1076 4053 1117 4116 sit
1139 4051 1201 4114 ieta
1225 4049 1383 4130 affirnsare
1401 4043 1495 4125 anari
1512 4043 1575 4105 sint

444 4168 480 4232 de
501 4166 569 4250 fide.
603 4170 798 4234 Pnttaunas
823 4171 982 4251 episeopus
1006 4167 1162 4250 quaedam
1195 4165 1231 4228 do
1264 4162 1321 4246 fide
1343 4179 1406 4227 esso
1425 4174 1574 4242 pronun·

444 4287 528 4364 etat,
549 4306 631 4369 quas
653 4295 729 4353 sunt
752 4287 915 4353 eontrario
937 4287 1031 4371 meir
1054 4297 1101 4362 ut,
1121 4284 1206 4367 quod
1228 4289 1335 4348 tantus
1358 4280 1399 4344 sit
1422 4292 1574 4342 numerus

380 4382 385 4392 ’
441 4418 606 4468 annuum
623 4405 736 4470 mundi
748 4451 757 4480 ‚
779 4411 918 4486 quantus
941 4402 982 4468 at
1003 4403 1070 4485 ipsso
1090 4402 1244 4484 ponitur,-
1276 4407 1306 4465 et
1328 4396 1423 4480 pund,
1449 4390 1575 4477 quanda

444 4517 537 4586 Deus.
553 4522 721 4605 inspiravit
743 4519 865 4586 ddamo
887 4521 1083 4602 spiraculum
1105 4519 1200 4594 uitae,
1220 4535 1285 4583 non
1308 4516 1426 4581 dederit
1449 4513 1479 4578 ei
1499 4512 1574 4576 sni·

443 4656 541 4718 marn,
561 4642 614 4708 sed
636 4640 793 4724 Spiritum
814 4638 992 4713 Sanotum;
1012 4648 1044 4702 et
1064 4649 1169 4703 tamen
1192 4656 1215 4701 a
1235 4636 1391 4700 antiolius
1412 4642 1441 4699 et
1465 4636 1573 4698 tarre-

444 4754 511 4823 iirt‘t
535 4757 685 4822 irridetur
707 4758 740 4819 in
765 4765 897 4841 utroque
919 4761 1045 4820 asserto.
1071 4753 1202 4820 cautior
1220 4751 1281 4834 suit
1297 4750 1393 4824 Beda,
1409 4749 1493 4834 quod
1514 4750 1573 4832 np-
1682 4830 1686 4849 ι
