4109 5934
476 755 540 819 614
901 774 1026 820 coensis
1050 776 1185 822 uocans

474 904 736 983 tia‚jam‹1aasi
764 904 911 967 violenter
940 912 1120 969 contortam
1152 907 1194 969 etl
1216 904 1512 969 demonstrationem
1547 922 1615 968 non

471 1034 578 1087 soom·
599 1036 678 1100 qaae
701 1018 916 1098 applicationis
932 1019 1096 1101 difficeeltas
1120 1017 1259 1102 Tpcltoni
1280 1021 1456 1085 locationes
1473 1042 1560 1087 wem
1575 1029 1605 1082 et

472 1134 634 1198 insolentes
659 1134 862 1216 expresserits
895 1152 976 1218 qnae
1008 1138 1037 1200 si
1069 1136 1328 1202 oClaramontia
1361 1147 1390 1202 et
1426 1154 1449 1200 a
1473 1133 1604 1201 Galilaea

470 1268 611 1332 expresse
633 1258 661 1315 et
684 1253 878 1315 exactissime
901 1251 942 1316 od
965 1253 1070 1317 literae
1091 1271 1204 1316 eonnm
1234 1254 1466 1317 examinentur
1487 1262 1516 1317 et
1539 1264 1602 1316 trn·

472 1368 632 1440 tinentiis,
656 1368 691 1429 in
715 1367 781 1447 ipsa
800 1369 905 1447 prima
927 1369 1111 1447 peometriae
1133 1368 1290 1448 principia
1315 1368 1381 1429 sint
1406 1369 1604 1448 impactam:

469 1493 504 1547 ret
526 1503 626 1566 nepae
648 1483 785 1548 credibile
807 1487 857 1557 sit,
880 1485 1036 1548 hominem
1055 1487 1111 1567 qai
1133 1494 1209 1548 totos
1235 1483 1326 1549 libros
1340 1486 1472 1565 scripsit
1489 1504 1609 1566 peame-

469 1601 553 1664 trieis
576 1600 890 1664 maeanstratianibns
915 1601 1106 1673 instructos,
1130 1599 1183 1664 illa
1216 1601 1265 1664 cel
1293 1603 1404 1682 pneris
1442 1604 1610 1666 notissime

468 1721 638 1799 ipnorasse,
662 1735 761 1798 neone
784 1719 892 1797 maaai
915 1733 964 1780 res
988 1717 1118 1798 inperii,
1134 1728 1263 1799 peceato
1286 1728 1350 1784 tam
1373 1717 1538 1783 evidentia
1560 1721 1614 1784 eie·

468 1838 592 1901 reniae.
615 1833 690 1899 <arse
713 1834 942 1899 concedendam
964 1845 992 1898 et
1015 1837 1071 1899 icoc
1093 1837 1172 1915 (uite
1195 1835 1352 1900 camalam
1374 1838 1412 1900 in
1436 1837 1494 1899 aar
1518 1838 1613 1902 reac-

466 1966 551 2020 ctam
583 1957 748 2036 anonstiae
782 1955 945 2017 scismatis
980 1955 1227 2034 impertinentis,
1262 1954 1425 2034 explicare
1460 1972 1493 2018 se
1531 1956 1615 2019 citra

466 2072 617 2137 damnata
641 2088 844 2136 numeroram
868 2089 933 2134 non
952 2070 1108 2150 patuisset
1130 2069 1214 2153 qnod
1231 2079 1336 2133 tamen
1358 2070 1515 2134 daennam
1533 2071 1615 2132 ninii

438 2192 594 2254 *attimar
616 2207 742 2271 scopam
764 2187 953 2268 aeramenti,
976 2186 1029 2251 ecel
1052 2197 1178 2251 tantam
1200 2186 1459 2268 perconditionee
1480 2188 1610 2266 positos

465 2327 505 2372 eec
527 2306 720 2378 cinnami,
744 2306 940 2387 impunitatis
962 2322 1014 2385 spe
1032 2312 1199 2387 concepta,
1234 2312 1324 2368 tanta
1353 2304 1602 2386 perseveraverit

465 2427 618 2492 licentias.

554 2517 727 2611 Galilaeam
752 2546 876 2629 quidem
898 2563 954 2628 eoo
970 2545 1048 2627 jore
1071 2546 1167 2610 noceo
1188 2555 1388 2622 ementatum,
1411 2556 1450 2610 eet
1464 2546 1519 2628 qni
1538 2564 1597 2610 eo-

459 2663 615 2744 probrarit
640 2663 701 2725 ista
725 2680 789 2731 non
815 2660 962 2743 Tpcloni,
989 2663 1082 2743 qnasi
1098 2679 1162 2726 rem
1180 2663 1289 2742 amani
1304 2662 1348 2724 aa
1362 2662 1455 2745 fldem
1470 2663 1599 2743 moma-

460 2789 527 2843 tom
549 2780 708 2850 momenti,
731 2777 784 2839 sea
804 2778 986 2843 adversario
1009 2796 1068 2842 sao
1091 2776 1212 2852 Samia,
1236 2779 1288 2842 cesi
1310 2779 1410 2844 villeri
1432 2782 1599 2862 quaeritas

462 2892 631 2970 Galilaeae,
649 2895 880 2959 cointellectum
898 2914 995 2959 snam
1007 2896 1115 2961 debere
1133 2898 1315 2979 mancipare
1331 2896 1502 2962 intellectori
1516 2898 1599 2961 alio-

459 3031 542 3089 rum,
560 3022 642 3096 preto
668 3010 821 3094 Tpcnonis
843 3012 996 3092 operibor.
1021 3011 1114 3076 Hanc
1137 3013 1186 3076 ille
1209 3014 1433 3078 emenntemo
1461 3033 1494 3076 se
1529 3033 1596 3077 non

461 3132 578 3213 iniuste
600 3129 727 3214 repellit,
746 3128 902 3210 prodacto
920 3130 977 3193 nae
996 3130 1147 3203 moeonia,
1162 3149 1243 3213 poce
1260 3131 1329 3212 ejas
1346 3133 1406 3195 oiri
1422 3131 1500 3195 litero
1517 3150 1598 3196 con·

462 3251 540 3329 cipit.
568 3245 659 3321 (laod
681 3266 753 3311 oero
779 3243 934 3311 Galilaens
950 3247 1001 3326 sol.
1023 3248 1083 3311 171
1100 3247 1213 3327 allepat
1232 3257 1260 3310 et
1276 3249 1383 3311 laudat
1408 3246 1599 3312 Claramon·

461 3371 537 3428 tieem
566 3365 717 3447 Tpcleonis
740 3375 995 3447 oppapnatorem
1019 3366 1051 3428 iel
1072 3366 1115 3427 illi
1134 3376 1212 3446 pato
1236 3366 1385 3429 excidisse
1404 3367 1447 3429 ad
1458 3369 1598 3447 primam

460 3486 576 3565 samam
598 3486 670 3548 editi
695 3484 963 3567 Anti-Tpclmm‘s.
991 3483 1083 3559 Quot
1105 3487 1168 3546 nisi
1190 3485 1301 3564 fallor,
1333 3487 1503 3564 poenitebit
1528 3505 1599 3548 eam

338 3651 339 3654 η
461 3605 554 3683 nujus
575 3607 743 3684 praeconii,
768 3604 833 3674 ali,
858 3622 952 3684 qaam
976 3604 1125 3665 molares
1150 3622 1169 3664 a
1194 3601 1408 3664 Claramontio
1433 3604 1474 3664 sit
1502 3614 1600 3682 qesta,

462 3723 627 3785 resciverit.

551 3844 580 3903 2.
606 3839 739 3905 Martem
762 3845 854 3904 terris
877 3842 1050 3921 propiorem
1073 3842 1138 3921 ipso
1161 3839 1231 3904 Sole
1255 3842 1330 3922 fieri,
1354 3841 1492 3902 assumit
1514 3837 1594 3902 Sar-

462 3963 526 4021 sias
544 3960 595 4040 [ol.
612 3960 654 4022 20
677 3960 769 4022 velati
791 3959 1075 4023 demonstratumo
1099 3958 1266 4041 Tpclsone‚·
1282 3961 1449 4033 nimirum,
1466 3966 1503 4021 eet
1524 3957 1597 4020 illmi

463 4079 617 4148 obtineat,
642 4077 723 4159 qma
744 4087 787 4139 est
815 4076 952 4158 Tpcltoni
975 4096 1047 4140 cnm
1071 4076 1241 4159 Capernica
1270 4096 1456 4149 commane,
1482 4075 1596 4140 Martis

463 4216 590 4260 cursam
612 4198 814 4259 eccentriceem
836 4199 921 4260 circa
944 4215 1055 4277 carpus
1079 4197 1160 4262 Solis
1184 4200 1336 4262 ordinari.
1363 4196 1436 4260 Etsi
1456 4215 1530 4260 vero
1545 4196 1593 4255 ae-

464 4318 529 4380 teai
551 4335 604 4395 apo
627 4324 699 4377 ante
722 4333 821 4379 annos
849 4316 889 4379 15
913 4317 946 4378 in
969 4319 1198 4380 commentariis
1222 4318 1257 4380 ae
1281 4327 1367 4380 mota
1390 4315 1507 4380 Martis
1540 4315 1591 4375 ele·

462 4437 629 4516 ceptionem
650 4434 798 4516 aliquam.
822 4453 901 4515 qaae
929 4432 1065 4516 Tpcleoni
1086 4435 1148 4515 suit
1170 4438 1299 4499 obtrusa
1321 4451 1342 4496 a
1365 4436 1433 4496 snis
1459 4431 1591 4496 calcula·

462 4553 602 4622 toribus:
623 4570 698 4632 qnos
724 4571 795 4613 carn
817 4554 880 4633 ipse
897 4552 981 4613 vellet
999 4571 1038 4614 ea
1053 4551 1318 4616 observationibus
1335 4559 1525 4630 comportare
1539 4564 1596 4628 pa·

463 4672 601 4734 callonia
625 4669 754 4741 Martis:
776 4671 819 4733 illi
835 4690 854 4733 a
869 4681 968 4734 merite
988 4669 1139 4752 Typhonis
1157 4672 1348 4742 aberrantes,
1370 4675 1594 4750 compararant

462 4785 503 4850 ic
526 4790 751 4868 licprammote
775 4789 996 4870 Copernioano,
1019 4790 1102 4872 qood
1123 4807 1236 4854 manns
1259 4790 1433 4868 operationi
1456 4787 1596 4850 adnibito
