4109 5934
451 732 516 798 ool
804 745 830 789 r.
855 741 970 789 anona
992 740 1208 788 efflamus

440 880 554 944 niam.-
574 879 621 939 ita
643 874 746 938 rodem
768 873 832 937 zelo
855 871 1097 953 Scripturarum
1125 871 1160 936 S.
1190 870 1348 953 Ephrem,
1380 871 1576 938 Anastasius

440 996 580 1070 Simila,
599 1003 627 1056 et
650 990 787 1073 Mopsus,
812 991 945 1072 episcopi
970 988 1061 1073 Sprn',
1084 993 1118 1054 in
1140 991 1237 1054 altero
1260 992 1495 1072 hemisphaerio
1518 1002 1580 1056 tota

437 1122 608 1197 posuerunt
632 1109 823 1192 Paradisum
850 1106 1063 1174 Terrestrem:
1099 1124 1161 1172 non
1196 1110 1277 1171 anim
1314 1110 1377 1171 nisi
1413 1110 1450 1171 in
1475 1112 1575 1190 spatio

441 1235 513 1297 henr
536 1248 663 1312 mappa,
686 1228 794 1308 aiunt,
817 1235 957 1307 quatuor
979 1224 1033 1289 iila
1055 1227 1196 1307 paradisi
1218 1227 1366 1305 flumina,
1394 1237 1424 1290 et
1450 1228 1575 1292 otiores

441 1361 483 1416 tol
506 1357 673 1429 tantaeque
695 1362 759 1409 esse
777 1353 965 1426 potuerunt.
989 1341 1200 1408 Nihilominus
1212 1344 1283 1425 iam
1300 1344 1445 1427 deceptos
1470 1364 1522 1410 eos
1542 1365 1580 1412 m

437 1467 656 1547 naoipantium
680 1461 853 1527 testimonio
876 1470 1016 1543 apparet.
1041 1459 1134 1525 Reate
1148 1479 1221 1542 erpo
1238 1461 1393 1538 diximus,
1410 1464 1501 1545 paod
1516 1466 1578 1528 sim

439 1587 571 1651 seientia
594 1601 657 1648 non
680 1592 760 1646 reete
778 1581 899 1662 judicet
921 1581 1016 1644 eliam
1039 1589 1178 1644 annolus.
1207 1577 1293 1645 Unde
1318 1579 1361 1644 D.
1382 1578 1525 1646 Thomas
1545 1586 1576 1646 in

440 1701 581 1786 opuscolo
602 1707 713 1763 eontra
743 1699 963 1778 impupnonles
995 1694 1187 1775 relipionem
1210 1713 1277 1777 rap.
1301 1697 1341 1770 Π,
1377 1699 1462 1779 auia
1482 1699 1580 1780 philo-

441 1818 665 1904 sophabantur,
687 1814 729 1877 ad
752 1815 806 1876 hoo
825 1811 938 1892 allapat
953 1812 1086 1890 plantam
1101 1828 1196 1893 super
1215 1810 1382 1876 Danielem
1396 1813 1412 1877 Ι
1428 1814 1579 1896 inquien-

443 1950 525 2002 tem:
549 1933 678 2013 siquis
702 1931 874 2011 imperitas
900 1928 1001 2010 huius
1028 1929 1110 1992 artis
1138 1928 1298 1993 adversus
1321 1929 1579 1995 mathematicos

441 2054 577 2123 sonbal,
601 2054 659 2113 aul
681 2063 797 2128 expers
821 2046 1045 2127 philosophiae
1068 2043 1228 2110 adversas
1252 2046 1467 2129 philosophos
1489 2056 1577 2130 agat,

442 2167 638 2252 quinetiam
663 2140 817 2228 ridendus
842 2163 891 2226 vel
916 2161 1054 2226 ridendo
1086 2179 1151 2226 non
1186 2163 1312 2226 rideat?
1338 2161 1494 2246 Etpasto
1522 2183 1576 2227 oo-

442 2289 540 2351 mieus
563 2285 598 2346 de
623 2283 676 2347 tali
693 2281 798 2361 judice
821 2282 890 2344 ait:

596 2516 641 2570 Dii
660 2515 843 2580 immortales,
863 2513 977 2569 homine
995 2515 1126 2584 imparile
1145 2513 1215 2569 nihil
1234 2514 1383 2585 injustius,

597 2615 650 2680 Qui
670 2615 709 2669 nii
728 2619 847 2681 sectam,
868 2615 922 2669 nisi
941 2614 1014 2686 qaod
1035 2615 1142 2685 phoeni
1157 2615 1222 2678 sibi,
1239 2614 1326 2670 dooil.

838 2879 973 2926 SECUNDA
998 2878 1175 2927 ΙΙΥΡΟῘΕΒΙΒ.

532 3099 599 3165 Sea
621 3107 716 3170 sunt,
741 3114 821 3179 quae
837 3095 974 3177 jadicem
997 3099 1113 3162 harum
1136 3101 1362 3181 quaestionum
1381 3101 1457 3165 mire
1479 3116 1576 3180 opar-

445 3229 496 3292 tet‚
520 3233 554 3282 m
576 3219 672 3299 possit
695 3224 775 3278 reste
792 3213 949 3295 judieare.

533 3334 689 3404 Primum.
712 3334 794 3414 qssod
814 3334 1004 3412 philosophia
1028 3334 1063 3396 de
1086 3336 1178 3397 relius
1201 3333 1383 3398 coelestibus
1401 3347 1431 3398 et
1450 3337 1575 3416 inseria-

444 3455 529 3516 rious
554 3451 727 3515 necessaria
750 3452 789 3512 sit
816 3449 951 3530 theolopo
979 3449 1190 3530 speculativo.
1218 3460 1331 3513 eontra
1359 3455 1510 3515 sestarios
1532 3451 1575 3513 di-

443 3579 620 3650 spulalura.

531 3686 725 3759 Secundum,
750 3687 832 3767 quod
856 3688 994 3748 nondum
1018 3706 1038 3748 a
1061 3689 1246 3768 philosophis
1271 3690 1405 3752 scientia
1429 3691 1466 3752 dr
1488 3689 1572 3752 coele·

443 3808 542 3870 stilus
565 3807 699 3887 perfecta
722 3808 772 3868 sil.

538 3923 696 3994 Tertium,
731 3924 814 4004 quod
847 3943 945 4004 nequa
968 3922 1105 3987 Sanetus
1135 3924 1268 4004 Moyses,
1293 3942 1396 4006 neque
1425 3925 1569 3991 Dominus

443 4046 545 4118 Iesus,
564 4046 649 4106 nohis
672 4042 887 4122 phisiolopiam
910 4054 937 4104 et
962 4045 1189 4107 astronomiam
1204 4046 1402 4124 apertissima
1421 4045 1563 4109 melliens

443 4161 614 4225 tradiderit
638 4159 798 4222 mundum
823 4159 1038 4240 disputationi
1065 4162 1236 4224 hominum
1261 4158 1464 4245 (Ecclesiast.
1479 4163 1519 4244 Ι);
1534 4166 1568 4221 at

443 4277 622 4340 invisibilia
645 4277 701 4339 Dei
728 4294 783 4357 per
805 4294 845 4339 ea
868 4294 952 4356 quae
976 4278 1062 4343 iacta
1096 4285 1182 4353 sant,
1206 4279 1374 4343 intellecta
1407 4280 1567 4361 conspice-

441 4402 513 4457 rent
538 4392 769 4477 (Romanorum
792 4394 859 4480 11);
884 4397 1046 4459 docuerint
1069 4406 1174 4462 aulem
1199 4415 1253 4461 nos
1279 4399 1366 4462 beate
1390 4404 1516 4470 nivere,
1536 4414 1569 4458 ae

442 4513 587 4590 dopmato
610 4515 875 4593 supernaturalia,
897 4515 938 4577 od
960 4534 1041 4595 quae
1065 4526 1184 4580 natura
1208 4534 1272 4580 nou
1294 4519 1482 4597 sufficiehat.

536 4628 705 4707 Quartum,
728 4634 809 4712 quod
831 4635 887 4715 qui
909 4644 986 4697 aelel
1011 4635 1189 4697 christianis
1212 4634 1354 4698 studium
1369 4637 1570 4716 philosophiae

442 4757 468 4809 el
492 4752 705 4822 scientiarum,
730 4761 807 4814 ootet
831 4755 924 4816 etiam
950 4770 1013 4814 essa
1037 4754 1234 4815 christianos.
1250 4750 1306 4825 Et,
1327 4755 1415 4834 quod
1436 4755 1502 4818 solo
1525 4751 1569 4812 lex
