<?xml version="1.0" encoding="UTF-8"?>
<!DOCTYPE html PUBLIC "-//W3C//DTD XHTML 1.0 Transitional//EN"
    "http://www.w3.org/TR/xhtml1/DTD/xhtml1-transitional.dtd">
<html xmlns="http://www.w3.org/1999/xhtml" xml:lang="en" lang="en">
 <head>
  <title>
</title>
<meta http-equiv="Content-Type" content="text/html;charset=utf-8" />
  <meta name='ocr-system' content='tesseract 3.04.00' />
  <meta name='ocr-capabilities' content='ocr_page ocr_carea ocr_par ocr_line ocrx_word'/>
</head>
<body>
  <div class='ocr_page' id='page_1' title='image "./leoperedigalile01vivigoog_0040.png"; bbox 0 0 4109 5934; ppageno 0'>
   <div class='ocr_carea' id='block_1_1' title="bbox 855 743 1547 822">
    <p class='ocr_par' dir='ltr' id='par_1_1' title="bbox 855 743 1547 822">
     <span class='ocr_line' id='line_1_1' title="bbox 855 743 1547 822; baseline 0.003 -12"><span class='ocrx_word' id='word_1_1' title='bbox 855 762 1092 811; x_wconf 79' lang='lat' dir='ltr'>eeonurnrt</span> <span class='ocrx_word' id='word_1_2' title='bbox 1368 743 1370 749; x_wconf 75' lang='grc'>’</span> <span class='ocrx_word' id='word_1_3' title='bbox 1505 755 1547 822; x_wconf 76' lang='lat'>21</span> 
     </span>
    </p>
   </div>
   <div class='ocr_carea' id='block_1_2' title="bbox 385 890 1552 1856">
    <p class='ocr_par' dir='ltr' id='par_1_2' title="bbox 386 890 1552 1090">
     <span class='ocr_line' id='line_1_2' title="bbox 386 890 1552 984; baseline 0.011 -25"><span class='ocrx_word' id='word_1_4' title='bbox 386 890 491 977; x_wconf 82' lang='lat' dir='ltr'>plenil,</span> <span class='ocrx_word' id='word_1_5' title='bbox 515 895 694 972; x_wconf 74' lang='lat' dir='ltr'>continens,</span> <span class='ocrx_word' id='word_1_6' title='bbox 718 899 906 978; x_wconf 77' lang='lat' dir='ltr'>cotoprapi.</span> <span class='ocrx_word' id='word_1_7' title='bbox 927 916 1001 980; x_wconf 81' lang='lat' dir='ltr'>pop.</span> <span class='ocrx_word' id='word_1_8' title='bbox 1026 898 1069 964; x_wconf 80' lang='lat'>30</span> <span class='ocrx_word' id='word_1_9' title='bbox 1094 898 1153 984; x_wconf 81' lang='lat'>(1).</span> <span class='ocrx_word' id='word_1_10' title='bbox 1178 899 1238 965; x_wconf 80' lang='lat' dir='ltr'>illc</span> <span class='ocrx_word' id='word_1_11' title='bbox 1262 904 1428 969; x_wconf 83' lang='lat' dir='ltr'>maximus</span> <span class='ocrx_word' id='word_1_12' title='bbox 1456 925 1552 972; x_wconf 88' lang='lat' dir='ltr'>error</span> 
     </span>
     <span class='ocr_line' id='line_1_3' title="bbox 386 1007 1252 1090; baseline 0.002 -20"><span class='ocrx_word' id='word_1_13' title='bbox 386 1007 601 1090; x_wconf 81' lang='lat' dir='ltr'>paginarum,</span> <span class='ocrx_word' id='word_1_14' title='bbox 619 1024 705 1088; x_wconf 82' lang='lat' dir='ltr'>quae</span> <span class='ocrx_word' id='word_1_15' title='bbox 722 1022 789 1072; x_wconf 92' lang='lat' dir='ltr'>non</span> <span class='ocrx_word' id='word_1_16' title='bbox 805 1007 859 1082; x_wconf 75' lang='lat'>30,</span> <span class='ocrx_word' id='word_1_17' title='bbox 879 1007 993 1072; x_wconf 70' lang='lat' dir='ltr'>seder</span> <span class='ocrx_word' id='word_1_18' title='bbox 1005 1007 1252 1089; x_wconf 84' lang='lat' dir='ltr'>prolectosont.</span> 
     </span>
    </p>

    <p class='ocr_par' dir='ltr' id='par_1_3' title="bbox 385 1114 1552 1856">
     <span class='ocr_line' id='line_1_4' title="bbox 477 1114 1551 1198; baseline 0.007 -18"><span class='ocrx_word' id='word_1_19' title='bbox 477 1116 574 1180; x_wconf 89' lang='lat' dir='ltr'>llnnc</span> <span class='ocrx_word' id='word_1_20' title='bbox 593 1115 763 1188; x_wconf 87' lang='lat' dir='ltr'>Codlccm,</span> <span class='ocrx_word' id='word_1_21' title='bbox 779 1115 922 1198; x_wconf 84' lang='lat' dir='ltr'>iucujus</span> <span class='ocrx_word' id='word_1_22' title='bbox 941 1114 1142 1180; x_wconf 89' lang='lat' dir='ltr'>indicatione</span> <span class='ocrx_word' id='word_1_23' title='bbox 1158 1133 1277 1182; x_wconf 92' lang='lat' dir='ltr'>nomen</span> <span class='ocrx_word' id='word_1_24' title='bbox 1294 1118 1478 1186; x_wconf 82' lang='lat' dir='ltr'>satellitum</span> <span class='ocrx_word' id='word_1_25' title='bbox 1491 1124 1551 1187; x_wconf 86' lang='lat' dir='ltr'>Jo-</span> 
     </span>
     <span class='ocr_line' id='line_1_5' title="bbox 387 1225 1550 1308; baseline 0.007 -19"><span class='ocrx_word' id='word_1_26' title='bbox 387 1228 448 1302; x_wconf 89' lang='lat' dir='ltr'>vis,</span> <span class='ocrx_word' id='word_1_27' title='bbox 472 1245 545 1290; x_wconf 91' lang='lat' dir='ltr'>nec</span> <span class='ocrx_word' id='word_1_28' title='bbox 558 1226 693 1291; x_wconf 88' lang='lat' dir='ltr'>lortuito</span> <span class='ocrx_word' id='word_1_29' title='bbox 708 1225 841 1306; x_wconf 87' lang='lat' dir='ltr'>quidem</span> <span class='ocrx_word' id='word_1_30' title='bbox 856 1242 949 1300; x_wconf 88' lang='lat' dir='ltr'>oasa,</span> <span class='ocrx_word' id='word_1_31' title='bbox 966 1233 1115 1308; x_wconf 87' lang='lat' dir='ltr'>apparet,</span> <span class='ocrx_word' id='word_1_32' title='bbox 1130 1225 1270 1291; x_wconf 80' lang='lat' dir='ltr'>codicem</span> <span class='ocrx_word' id='word_1_33' title='bbox 1287 1227 1481 1295; x_wconf 76' lang='lat' dir='ltr'><strong><em>Tabularum</em></strong></span> <span class='ocrx_word' id='word_1_34' title='bbox 1497 1233 1550 1298; x_wconf 93' lang='lat' dir='ltr'>di-</span> 
     </span>
     <span class='ocr_line' id='line_1_6' title="bbox 385 1336 1548 1423; baseline 0.005 -23"><span class='ocrx_word' id='word_1_35' title='bbox 385 1340 507 1412; x_wconf 81' lang='lat' dir='ltr'><strong>cimus,</strong></span> <span class='ocrx_word' id='word_1_36' title='bbox 526 1343 639 1419; x_wconf 91' lang='lat' dir='ltr'>utpote</span> <span class='ocrx_word' id='word_1_37' title='bbox 655 1337 750 1400; x_wconf 89' lang='lat' dir='ltr'>illurn</span> <span class='ocrx_word' id='word_1_38' title='bbox 766 1337 885 1418; x_wconf 90' lang='lat' dir='ltr'>ipsum,</span> <span class='ocrx_word' id='word_1_39' title='bbox 898 1337 932 1399; x_wconf 89' lang='lat' dir='ltr'>iu</span> <span class='ocrx_word' id='word_1_40' title='bbox 945 1354 1012 1416; x_wconf 88' lang='lat' dir='ltr'>quo</span> <span class='ocrx_word' id='word_1_41' title='bbox 1030 1355 1144 1402; x_wconf 89' lang='lat' dir='ltr'>omnes</span> <span class='ocrx_word' id='word_1_42' title='bbox 1163 1336 1242 1423; x_wconf 90' lang='lat' dir='ltr'>(una</span> <span class='ocrx_word' id='word_1_43' title='bbox 1255 1345 1396 1416; x_wconf 88' lang='lat' dir='ltr'>tantum,</span> <span class='ocrx_word' id='word_1_44' title='bbox 1411 1360 1497 1422; x_wconf 87' lang='lat' dir='ltr'>quae</span> <span class='ocrx_word' id='word_1_45' title='bbox 1513 1343 1548 1406; x_wconf 93' lang='lat' dir='ltr'>in</span> 
     </span>
     <span class='ocr_line' id='line_1_7' title="bbox 386 1441 1549 1530; baseline 0 -19"><span class='ocrx_word' id='word_1_46' title='bbox 386 1449 485 1530; x_wconf 82' lang='lat' dir='ltr'>priori</span> <span class='ocrx_word' id='word_1_47' title='bbox 517 1447 684 1510; x_wconf 92' lang='lat' dir='ltr'>dictorum</span> <span class='ocrx_word' id='word_1_48' title='bbox 711 1443 920 1508; x_wconf 84' lang='lat' dir='ltr'>voluminum</span> <span class='ocrx_word' id='word_1_49' title='bbox 942 1444 1140 1520; x_wconf 78' lang='lat' dir='ltr'>includitur,</span> <span class='ocrx_word' id='word_1_50' title='bbox 1161 1441 1315 1529; x_wconf 78' lang='lat' dir='ltr'>excepta)</span> <span class='ocrx_word' id='word_1_51' title='bbox 1336 1446 1549 1511; x_wconf 88' lang='lat' dir='ltr'>continentur</span> 
     </span>
     <span class='ocr_line' id='line_1_8' title="bbox 386 1553 1552 1637; baseline -0.001 -16"><span class='ocrx_word' id='word_1_52' title='bbox 386 1558 531 1622; x_wconf 79' lang='lat' dir='ltr'>Tabulae</span> <span class='ocrx_word' id='word_1_53' title='bbox 547 1554 744 1620; x_wconf 87' lang='lat' dir='ltr'>demotibus</span> <span class='ocrx_word' id='word_1_54' title='bbox 763 1553 878 1618; x_wconf 91' lang='lat' dir='ltr'>mediis</span> <span class='ocrx_word' id='word_1_55' title='bbox 896 1553 1082 1618; x_wconf 79' lang='lat' dir='ltr'>satellitum</span> <span class='ocrx_word' id='word_1_56' title='bbox 1098 1555 1201 1630; x_wconf 84' lang='lat' dir='ltr'>lovis,</span> <span class='ocrx_word' id='word_1_57' title='bbox 1220 1571 1303 1637; x_wconf 86' lang='lat' dir='ltr'>quas</span> <span class='ocrx_word' id='word_1_58' title='bbox 1318 1553 1486 1620; x_wconf 88' lang='lat' dir='ltr'>Galilaeus</span> <span class='ocrx_word' id='word_1_59' title='bbox 1498 1557 1552 1620; x_wconf 89' lang='lat' dir='ltr'>in·</span> 
     </span>
     <span class='ocr_line' id='line_1_9' title="bbox 386 1665 1549 1749; baseline -0.006 -13"><span class='ocrx_word' id='word_1_60' title='bbox 386 1671 491 1736; x_wconf 87' lang='lat' dir='ltr'>stituit</span> <span class='ocrx_word' id='word_1_61' title='bbox 507 1668 731 1749; x_wconf 77' lang='lat' dir='ltr'>correxitque,</span> <span class='ocrx_word' id='word_1_62' title='bbox 756 1683 817 1729; x_wconf 89' lang='lat' dir='ltr'>nec</span> <span class='ocrx_word' id='word_1_63' title='bbox 834 1665 904 1746; x_wconf 88' lang='lat' dir='ltr'>ipsa</span> <span class='ocrx_word' id='word_1_64' title='bbox 919 1665 1075 1741; x_wconf 81' lang='lat' dir='ltr'>exclusa,</span> <span class='ocrx_word' id='word_1_65' title='bbox 1092 1681 1195 1746; x_wconf 87' lang='lat' dir='ltr'>qoam</span> <span class='ocrx_word' id='word_1_66' title='bbox 1207 1666 1309 1729; x_wconf 84' lang='lat' dir='ltr'>velati</span> <span class='ocrx_word' id='word_1_67' title='bbox 1321 1667 1471 1730; x_wconf 91' lang='lat' dir='ltr'>omnium</span> <span class='ocrx_word' id='word_1_68' title='bbox 1487 1683 1549 1748; x_wconf 91' lang='lat' dir='ltr'>po-</span> 
     </span>
     <span class='ocr_line' id='line_1_10' title="bbox 386 1772 1550 1856; baseline -0.003 -14"><span class='ocrx_word' id='word_1_69' title='bbox 386 1785 544 1842; x_wconf 87' lang='lat' dir='ltr'>stremam</span> <span class='ocrx_word' id='word_1_70' title='bbox 568 1780 686 1841; x_wconf 90' lang='lat' dir='ltr'>auctor</span> <span class='ocrx_word' id='word_1_71' title='bbox 704 1779 878 1849; x_wconf 88' lang='lat' dir='ltr'>memorat,</span> <span class='ocrx_word' id='word_1_72' title='bbox 891 1772 1130 1856; x_wconf 80' lang='lat' dir='ltr'>Bellosguardi,</span> <span class='ocrx_word' id='word_1_73' title='bbox 1149 1774 1187 1837; x_wconf 89' lang='lat'>11</span> <span class='ocrx_word' id='word_1_74' title='bbox 1203 1773 1353 1837; x_wconf 75' lang='lat' dir='ltr'>ianuarii</span> <span class='ocrx_word' id='word_1_75' title='bbox 1366 1773 1550 1840; x_wconf 81' lang='lat' dir='ltr'>nucxvll</span> 
     </span>
    </p>
   </div>
   <div class='ocr_carea' id='block_1_3' title="bbox 383 1883 1551 2410">
    <p class='ocr_par' dir='ltr' id='par_1_4' title="bbox 383 1883 1551 2410">
     <span class='ocr_line' id='line_1_11' title="bbox 386 1883 1547 1966; baseline -0.003 -17"><span class='ocrx_word' id='word_1_76' title='bbox 386 1887 542 1951; x_wconf 87' lang='lat' dir='ltr'>babilam.</span> <span class='ocrx_word' id='word_1_77' title='bbox 566 1885 670 1950; x_wconf 83' lang='lat' dir='ltr'>Valde</span> <span class='ocrx_word' id='word_1_78' title='bbox 692 1883 935 1966; x_wconf 88' lang='lat' dir='ltr'>deplorandum</span> <span class='ocrx_word' id='word_1_79' title='bbox 967 1891 1032 1958; x_wconf 88' lang='lat' dir='ltr'>est,</span> <span class='ocrx_word' id='word_1_80' title='bbox 1056 1883 1318 1947; x_wconf 76' lang='lat' dir='ltr'>contradictores</span> <span class='ocrx_word' id='word_1_81' title='bbox 1341 1888 1486 1956; x_wconf 88' lang='lat' dir='ltr'>nostros,</span> <span class='ocrx_word' id='word_1_82' title='bbox 1513 1883 1547 1945; x_wconf 92' lang='lat' dir='ltr'>in</span> 
     </span>
     <span class='ocr_line' id='line_1_12' title="bbox 385 1993 1550 2081; baseline -0.001 -23"><span class='ocrx_word' id='word_1_83' title='bbox 385 1999 565 2061; x_wconf 89' lang='lat' dir='ltr'>certamine</span> <span class='ocrx_word' id='word_1_84' title='bbox 588 1995 678 2060; x_wconf 89' lang='lat' dir='ltr'>circa</span> <span class='ocrx_word' id='word_1_85' title='bbox 695 2010 849 2078; x_wconf 85' lang='lat' dir='ltr'>praesens</span> <span class='ocrx_word' id='word_1_86' title='bbox 866 2001 1116 2076; x_wconf 75' lang='lat' dir='ltr'>argumentum,</span> <span class='ocrx_word' id='word_1_87' title='bbox 1134 1994 1261 2058; x_wconf 88' lang='lat' dir='ltr'>nullam</span> <span class='ocrx_word' id='word_1_88' title='bbox 1279 1993 1318 2056; x_wconf 94' lang='lat' dir='ltr'>dc</span> <span class='ocrx_word' id='word_1_89' title='bbox 1337 1993 1394 2068; x_wconf 91' lang='lat' dir='ltr'>iis,</span> <span class='ocrx_word' id='word_1_90' title='bbox 1413 2009 1500 2081; x_wconf 83' lang='lat' dir='ltr'>quae</span> <span class='ocrx_word' id='word_1_91' title='bbox 1515 1994 1550 2058; x_wconf 89' lang='lat' dir='ltr'>in</span> 
     </span>
     <span class='ocr_line' id='line_1_13' title="bbox 385 2102 1551 2186; baseline -0.005 -16"><span class='ocrx_word' id='word_1_92' title='bbox 385 2108 446 2172; x_wconf 89' lang='lat' dir='ltr'>boc</span> <span class='ocrx_word' id='word_1_93' title='bbox 465 2106 586 2173; x_wconf 86' lang='lat' dir='ltr'>Codice</span> <span class='ocrx_word' id='word_1_94' title='bbox 608 2105 842 2178; x_wconf 85' lang='lat' dir='ltr'>continentur,</span> <span class='ocrx_word' id='word_1_95' title='bbox 867 2103 1157 2186; x_wconf 85' lang='lat' dir='ltr'>investigationem</span> <span class='ocrx_word' id='word_1_96' title='bbox 1177 2103 1301 2166; x_wconf 84' lang='lat' dir='ltr'>iecisse.</span> <span class='ocrx_word' id='word_1_97' title='bbox 1325 2102 1435 2168; x_wconf 86' lang='lat' dir='ltr'>Credo</span> <span class='ocrx_word' id='word_1_98' title='bbox 1455 2102 1551 2182; x_wconf 87' lang='lat' dir='ltr'>equi-</span> 
     </span>
     <span class='ocr_line' id='line_1_14' title="bbox 385 2209 1550 2296; baseline -0.006 -17"><span class='ocrx_word' id='word_1_99' title='bbox 385 2217 459 2282; x_wconf 85' lang='lat' dir='ltr'>dem</span> <span class='ocrx_word' id='word_1_100' title='bbox 483 2217 571 2296; x_wconf 86' lang='lat' dir='ltr'>quod</span> <span class='ocrx_word' id='word_1_101' title='bbox 594 2214 659 2278; x_wconf 86' lang='lat' dir='ltr'>nisi</span> <span class='ocrx_word' id='word_1_102' title='bbox 679 2213 849 2279; x_wconf 89' lang='lat' dir='ltr'>contentio</span> <span class='ocrx_word' id='word_1_103' title='bbox 869 2213 953 2293; x_wconf 88' lang='lat' dir='ltr'>ipsa,</span> <span class='ocrx_word' id='word_1_104' title='bbox 975 2212 1196 2275; x_wconf 89' lang='lat' dir='ltr'>contentionis</span> <span class='ocrx_word' id='word_1_105' title='bbox 1218 2218 1307 2274; x_wconf 89' lang='lat' dir='ltr'>certe</span> <span class='ocrx_word' id='word_1_106' title='bbox 1340 2209 1550 2274; x_wconf 78' lang='lat' dir='ltr'>continuatio</span> 
     </span>
     <span class='ocr_line' id='line_1_15' title="bbox 383 2319 1551 2410; baseline -0.009 -20"><span class='ocrx_word' id='word_1_107' title='bbox 383 2328 531 2410; x_wconf 89' lang='lat' dir='ltr'>lpsorum</span> <span class='ocrx_word' id='word_1_108' title='bbox 566 2324 717 2407; x_wconf 76' lang='lat' dir='ltr'>fregisset</span> <span class='ocrx_word' id='word_1_109' title='bbox 740 2324 907 2395; x_wconf 67' lang='lat' dir='ltr'>animum</span> <span class='ocrx_word' id='word_1_110' title='bbox 936 2322 1119 2385; x_wconf 90' lang='lat' dir='ltr'>dummodo</span> <span class='ocrx_word' id='word_1_111' title='bbox 1153 2320 1215 2384; x_wconf 81' lang='lat' dir='ltr'>lico</span> <span class='ocrx_word' id='word_1_112' title='bbox 1238 2319 1392 2382; x_wconf 83' lang='lat' dir='ltr'>examine</span> <span class='ocrx_word' id='word_1_113' title='bbox 1425 2329 1551 2400; x_wconf 78' lang='lat' dir='ltr'>cogno-</span> 
     </span>
    </p>
   </div>
   <div class='ocr_carea' id='block_1_4' title="bbox 380 2425 1552 4486">
    <p class='ocr_par' dir='ltr' id='par_1_5' title="bbox 383 2425 1552 2839">
     <span class='ocr_line' id='line_1_16' title="bbox 386 2425 1552 2517; baseline -0.009 -18"><span class='ocrx_word' id='word_1_114' title='bbox 386 2453 476 2507; x_wconf 83' lang='lat' dir='ltr'>scere</span> <span class='ocrx_word' id='word_1_115' title='bbox 499 2435 697 2517; x_wconf 89' lang='lat' dir='ltr'>potuissent,</span> <span class='ocrx_word' id='word_1_116' title='bbox 716 2433 901 2496; x_wconf 81' lang='lat' dir='ltr'>maximam</span> <span class='ocrx_word' id='word_1_117' title='bbox 915 2436 1167 2513; x_wconf 80' lang='lat' dir='ltr'>argumentum,</span> <span class='ocrx_word' id='word_1_118' title='bbox 1180 2429 1214 2491; x_wconf 92' lang='lat' dir='ltr'>ln</span> <span class='ocrx_word' id='word_1_119' title='bbox 1225 2427 1314 2508; x_wconf 86' lang='lat' dir='ltr'>quod</span> <span class='ocrx_word' id='word_1_120' title='bbox 1326 2425 1552 2507; x_wconf 78' lang='lat' dir='ltr'>inexplicabili</span> 
     </span>
     <span class='ocr_line' id='line_1_17' title="bbox 386 2523 1549 2619; baseline -0.007 -12"><span class='ocrx_word' id='word_1_121' title='bbox 386 2544 604 2609; x_wconf 84' lang='lat' dir='ltr'>obstinatione</span> <span class='ocrx_word' id='word_1_122' title='bbox 618 2528 864 2617; x_wconf 82' lang='lat' dir='ltr'>innitebantur,</span> <span class='ocrx_word' id='word_1_123' title='bbox 882 2540 1111 2612; x_wconf 70' lang='lat' dir='ltr'>Tabularum,</span> <span class='ocrx_word' id='word_1_124' title='bbox 1131 2539 1173 2603; x_wconf 89' lang='lat' dir='ltr'>ad</span> <span class='ocrx_word' id='word_1_125' title='bbox 1192 2555 1275 2619; x_wconf 88' lang='lat' dir='ltr'>qaas</span> <span class='ocrx_word' id='word_1_126' title='bbox 1293 2523 1461 2603; x_wconf 78' lang='lat' dir='ltr'>Galilaeae</span> <span class='ocrx_word' id='word_1_127' title='bbox 1484 2538 1549 2600; x_wconf 89' lang='lat' dir='ltr'>sci·</span> 
     </span>
     <span class='ocr_line' id='line_1_18' title="bbox 386 2645 1549 2736; baseline -0.009 -18"><span class='ocrx_word' id='word_1_128' title='bbox 386 2671 482 2736; x_wconf 90' lang='lat' dir='ltr'>psum</span> <span class='ocrx_word' id='word_1_129' title='bbox 501 2652 691 2735; x_wconf 77' lang='lat' dir='ltr'>saepissime</span> <span class='ocrx_word' id='word_1_130' title='bbox 703 2651 1039 2727; x_wconf 78' lang='lat' dir='ltr'>refert,existcntiam</span> <span class='ocrx_word' id='word_1_131' title='bbox 1060 2656 1233 2732; x_wconf 81' lang='lat' dir='ltr'>negantes,</span> <span class='ocrx_word' id='word_1_132' title='bbox 1245 2647 1386 2730; x_wconf 85' lang='lat' dir='ltr'>simplici</span> <span class='ocrx_word' id='word_1_133' title='bbox 1401 2645 1549 2728; x_wconf 85' lang='lat' dir='ltr'>ejusdcm</span> 
     </span>
     <span class='ocr_line' id='line_1_19' title="bbox 383 2759 1455 2839; baseline -0.007 -13"><span class='ocrx_word' id='word_1_134' title='bbox 383 2763 431 2826; x_wconf 91' lang='lat' dir='ltr'>rei</span> <span class='ocrx_word' id='word_1_135' title='bbox 453 2760 699 2832; x_wconf 86' lang='lat' dir='ltr'>observatione,</span> <span class='ocrx_word' id='word_1_136' title='bbox 723 2759 971 2825; x_wconf 75' lang='lat' dir='ltr'>frustratoriam</span> <span class='ocrx_word' id='word_1_137' title='bbox 995 2760 1242 2839; x_wconf 85' lang='lat' dir='ltr'>ridiculumque</span> <span class='ocrx_word' id='word_1_138' title='bbox 1264 2774 1455 2822; x_wconf 87' lang='lat' dir='ltr'>evasurum.</span> 
     </span>
    </p>

    <p class='ocr_par' dir='ltr' id='par_1_6' title="bbox 380 2861 1551 3700">
     <span class='ocr_line' id='line_1_20' title="bbox 470 2861 1550 2946; baseline -0.005 -13"><span class='ocrx_word' id='word_1_139' title='bbox 470 2868 743 2946; x_wconf 82' lang='lat' dir='ltr'>Observationes,</span> <span class='ocrx_word' id='word_1_140' title='bbox 763 2869 920 2933; x_wconf 86' lang='lat' dir='ltr'>Rationes</span> <span class='ocrx_word' id='word_1_141' title='bbox 936 2861 967 2932; x_wconf 88' lang='lat' dir='ltr'>ct</span> <span class='ocrx_word' id='word_1_142' title='bbox 985 2869 1133 2933; x_wconf 82' lang='lat' dir='ltr'>Tabulae</span> <span class='ocrx_word' id='word_1_143' title='bbox 1151 2869 1185 2931; x_wconf 92' lang='lat' dir='ltr'>in</span> <span class='ocrx_word' id='word_1_144' title='bbox 1206 2869 1256 2931; x_wconf 88' lang='lat' dir='ltr'>bis</span> <span class='ocrx_word' id='word_1_145' title='bbox 1275 2866 1451 2933; x_wconf 75' lang='lat' dir='ltr'>codicibus</span> <span class='ocrx_word' id='word_1_146' title='bbox 1467 2883 1550 2930; x_wconf 91' lang='lat' dir='ltr'>con·</span> 
     </span>
     <span class='ocr_line' id='line_1_21' title="bbox 380 2975 1548 3060; baseline -0.005 -17"><span class='ocrx_word' id='word_1_147' title='bbox 380 2984 502 3054; x_wconf 86' lang='lat' dir='ltr'>tentae,</span> <span class='ocrx_word' id='word_1_148' title='bbox 520 2992 588 3041; x_wconf 90' lang='lat' dir='ltr'>non</span> <span class='ocrx_word' id='word_1_149' title='bbox 601 2978 691 3041; x_wconf 89' lang='lat' dir='ltr'>ultra</span> <span class='ocrx_word' id='word_1_150' title='bbox 707 2977 891 3060; x_wconf 86' lang='lat' dir='ltr'>procedunt</span> <span class='ocrx_word' id='word_1_151' title='bbox 910 2993 1037 3040; x_wconf 90' lang='lat' dir='ltr'>annum</span> <span class='ocrx_word' id='word_1_152' title='bbox 1054 2975 1233 3042; x_wconf 77' lang='lat' dir='ltr'>MDCXlX.</span> <span class='ocrx_word' id='word_1_153' title='bbox 1245 2977 1340 3042; x_wconf 91' lang='lat' dir='ltr'>Nunc</span> <span class='ocrx_word' id='word_1_154' title='bbox 1359 2975 1438 3038; x_wconf 88' lang='lat' dir='ltr'>mibi</span> <span class='ocrx_word' id='word_1_155' title='bbox 1455 2990 1548 3038; x_wconf 88' lang='lat' dir='ltr'>assc-</span> 
     </span>
     <span class='ocr_line' id='line_1_22' title="bbox 381 3082 1549 3152; baseline -0.005 0"><span class='ocrx_word' id='word_1_156' title='bbox 381 3087 466 3152; x_wconf 91' lang='lat' dir='ltr'>rentl</span> <span class='ocrx_word' id='word_1_157' title='bbox 479 3086 569 3152; x_wconf 81' lang='lat' dir='ltr'>nisce</span> <span class='ocrx_word' id='word_1_158' title='bbox 592 3084 768 3151; x_wconf 88' lang='lat' dir='ltr'>Codicibns</span> <span class='ocrx_word' id='word_1_159' title='bbox 791 3085 1037 3150; x_wconf 86' lang='lat' dir='ltr'>lucubrationes</span> <span class='ocrx_word' id='word_1_160' title='bbox 1059 3102 1176 3148; x_wconf 89' lang='lat' dir='ltr'>omnes</span> <span class='ocrx_word' id='word_1_161' title='bbox 1189 3084 1328 3148; x_wconf 86' lang='lat' dir='ltr'>Galiluei</span> <span class='ocrx_word' id='word_1_162' title='bbox 1345 3084 1435 3146; x_wconf 90' lang='lat' dir='ltr'>circa</span> <span class='ocrx_word' id='word_1_163' title='bbox 1454 3082 1549 3147; x_wconf 78' lang='lat' dir='ltr'>lovis</span> 
     </span>
     <span class='ocr_line' id='line_1_23' title="bbox 384 3197 1550 3278; baseline -0.002 -16"><span class='ocrx_word' id='word_1_164' title='bbox 384 3197 544 3262; x_wconf 87' lang='lat' dir='ltr'>Satellites</span> <span class='ocrx_word' id='word_1_165' title='bbox 561 3197 741 3272; x_wconf 86' lang='lat' dir='ltr'>contineri,</span> <span class='ocrx_word' id='word_1_166' title='bbox 754 3197 877 3277; x_wconf 82' lang='lat' dir='ltr'>duplex</span> <span class='ocrx_word' id='word_1_167' title='bbox 888 3197 1091 3278; x_wconf 89' lang='lat' dir='ltr'>probationis</span> <span class='ocrx_word' id='word_1_168' title='bbox 1108 3214 1194 3261; x_wconf 76' lang='lat' dir='ltr'>imas</span> <span class='ocrx_word' id='word_1_169' title='bbox 1205 3197 1396 3278; x_wconf 86' lang='lat' dir='ltr'>impositum</span> <span class='ocrx_word' id='word_1_170' title='bbox 1414 3204 1477 3260; x_wconf 90' lang='lat' dir='ltr'>est:</span> <span class='ocrx_word' id='word_1_171' title='bbox 1491 3197 1550 3260; x_wconf 91' lang='lat' dir='ltr'>de-</span> 
     </span>
     <span class='ocr_line' id='line_1_24' title="bbox 382 3305 1547 3389; baseline -0.003 -16"><span class='ocrx_word' id='word_1_172' title='bbox 382 3308 634 3373; x_wconf 88' lang='lat' dir='ltr'>monstrandum</span> <span class='ocrx_word' id='word_1_173' title='bbox 649 3307 771 3389; x_wconf 80' lang='lat' dir='ltr'>quippe</span> <span class='ocrx_word' id='word_1_174' title='bbox 785 3311 834 3371; x_wconf 89' lang='lat' dir='ltr'>est</span> <span class='ocrx_word' id='word_1_175' title='bbox 847 3305 1034 3373; x_wconf 84' lang='lat' dir='ltr'>Gallianum</span> <span class='ocrx_word' id='word_1_176' title='bbox 1051 3324 1117 3371; x_wconf 92' lang='lat' dir='ltr'>non</span> <span class='ocrx_word' id='word_1_177' title='bbox 1135 3310 1362 3372; x_wconf 81' lang='lat' dir='ltr'>altmannum</span> <span class='ocrx_word' id='word_1_178' title='bbox 1375 3306 1547 3373; x_wconf 66' lang='lat' dir='ltr'>ancxia</span> 
     </span>
     <span class='ocr_line' id='line_1_25' title="bbox 383 3415 1551 3498; baseline 0.002 -19"><span class='ocrx_word' id='word_1_179' title='bbox 383 3416 418 3480; x_wconf 91' lang='lat' dir='ltr'>in</span> <span class='ocrx_word' id='word_1_180' title='bbox 444 3417 505 3480; x_wconf 88' lang='lat' dir='ltr'>hac</span> <span class='ocrx_word' id='word_1_181' title='bbox 524 3417 664 3481; x_wconf 87' lang='lat' dir='ltr'>materia</span> <span class='ocrx_word' id='word_1_182' title='bbox 683 3415 864 3492; x_wconf 88' lang='lat' dir='ltr'>laborasse,</span> <span class='ocrx_word' id='word_1_183' title='bbox 885 3422 1057 3496; x_wconf 87' lang='lat' dir='ltr'>totumque</span> <span class='ocrx_word' id='word_1_184' title='bbox 1076 3434 1160 3498; x_wconf 92' lang='lat' dir='ltr'>opus</span> <span class='ocrx_word' id='word_1_185' title='bbox 1181 3417 1448 3483; x_wconf 90' lang='lat' dir='ltr'>lucubrationum</span> <span class='ocrx_word' id='word_1_186' title='bbox 1470 3434 1551 3482; x_wconf 76' lang='lat' dir='ltr'>sua-</span> 
     </span>
     <span class='ocr_line' id='line_1_26' title="bbox 381 3525 1549 3608; baseline 0.001 -19"><span class='ocrx_word' id='word_1_187' title='bbox 381 3544 457 3591; x_wconf 90' lang='lat' dir='ltr'>rum</span> <span class='ocrx_word' id='word_1_188' title='bbox 491 3527 556 3591; x_wconf 88' lang='lat' dir='ltr'>huc</span> <span class='ocrx_word' id='word_1_189' title='bbox 589 3525 840 3608; x_wconf 89' lang='lat' dir='ltr'>pertinentium,</span> <span class='ocrx_word' id='word_1_190' title='bbox 864 3526 898 3587; x_wconf 93' lang='lat' dir='ltr'>in</span> <span class='ocrx_word' id='word_1_191' title='bbox 923 3543 1023 3607; x_wconf 87' lang='lat' dir='ltr'>supra</span> <span class='ocrx_word' id='word_1_192' title='bbox 1054 3526 1163 3589; x_wconf 87' lang='lat' dir='ltr'>citatis</span> <span class='ocrx_word' id='word_1_193' title='bbox 1187 3527 1363 3593; x_wconf 75' lang='lat' dir='ltr'>(lodicibus</span> <span class='ocrx_word' id='word_1_194' title='bbox 1394 3542 1549 3608; x_wconf 90' lang='lat' dir='ltr'>compre·</span> 
     </span>
     <span class='ocr_line' id='line_1_27' title="bbox 384 3634 1075 3700; baseline -0.001 -2"><span class='ocrx_word' id='word_1_195' title='bbox 384 3634 494 3700; x_wconf 85' lang='lat' dir='ltr'>hendi.</span> <span class='ocrx_word' id='word_1_196' title='bbox 1073 3656 1075 3658; x_wconf 64' lang='grc'>’</span> 
     </span>
    </p>

    <p class='ocr_par' dir='ltr' id='par_1_7' title="bbox 384 3743 1551 4486">
     <span class='ocr_line' id='line_1_28' title="bbox 472 3743 1545 3828; baseline 0.002 -20"><span class='ocrx_word' id='word_1_197' title='bbox 472 3745 523 3809; x_wconf 75' lang='lat' dir='ltr'>Ad</span> <span class='ocrx_word' id='word_1_198' title='bbox 560 3743 705 3826; x_wconf 89' lang='lat' dir='ltr'>priorem</span> <span class='ocrx_word' id='word_1_199' title='bbox 744 3744 999 3826; x_wconf 85' lang='lat' dir='ltr'>propositionem</span> <span class='ocrx_word' id='word_1_200' title='bbox 1041 3747 1322 3828; x_wconf 89' lang='lat' dir='ltr'>comprobandam</span> <span class='ocrx_word' id='word_1_201' title='bbox 1362 3748 1426 3810; x_wconf 88' lang='lat' dir='ltr'>tria</span> <span class='ocrx_word' id='word_1_202' title='bbox 1464 3748 1545 3810; x_wconf 85' lang='lat' dir='ltr'>haec</span> 
     </span>
     <span class='ocr_line' id='line_1_29' title="bbox 386 3871 1187 3936; baseline -0.001 -20"><span class='ocrx_word' id='word_1_203' title='bbox 386 3871 549 3936; x_wconf 84' lang='lat' dir='ltr'>propono:</span> <span class='ocrx_word' id='word_1_204' title='bbox 1185 3887 1187 3893; x_wconf 94' lang='lat'>·</span> 
     </span>
     <span class='ocr_line' id='line_1_30' title="bbox 475 3956 1544 4049; baseline 0.005 -23"><span class='ocrx_word' id='word_1_205' title='bbox 475 3959 511 4026; x_wconf 81' lang='lat'>1⁰</span> <span class='ocrx_word' id='word_1_206' title='bbox 534 3956 692 4027; x_wconf 68' lang='lat' dir='ltr'>db&#39;anno</span> <span class='ocrx_word' id='word_1_207' title='bbox 708 3964 878 4031; x_wconf 77' lang='lat' dir='ltr'>lludxlx</span> <span class='ocrx_word' id='word_1_208' title='bbox 901 3964 959 4049; x_wconf 79' lang='lat' dir='ltr'>(id</span> <span class='ocrx_word' id='word_1_209' title='bbox 981 3973 1045 4041; x_wconf 91' lang='lat' dir='ltr'>est,</span> <span class='ocrx_word' id='word_1_210' title='bbox 1062 3985 1105 4029; x_wconf 77' lang='lat' dir='ltr'>ex</span> <span class='ocrx_word' id='word_1_211' title='bbox 1121 3984 1189 4046; x_wconf 79' lang='lat' dir='ltr'>qino</span> <span class='ocrx_word' id='word_1_212' title='bbox 1205 3966 1374 4032; x_wconf 80' lang='lat' dir='ltr'>Galilaeae</span> <span class='ocrx_word' id='word_1_213' title='bbox 1392 3969 1432 4032; x_wconf 92' lang='lat' dir='ltr'>dc</span> <span class='ocrx_word' id='word_1_214' title='bbox 1450 3969 1544 4032; x_wconf 80' lang='lat' dir='ltr'>exitu</span> 
     </span>
     <span class='ocr_line' id='line_1_31' title="bbox 384 4073 1551 4158; baseline 0.003 -22"><span class='ocrx_word' id='word_1_215' title='bbox 384 4073 516 4136; x_wconf 87' lang='lat' dir='ltr'>consilii</span> <span class='ocrx_word' id='word_1_216' title='bbox 529 4074 578 4137; x_wconf 87' lang='lat' dir='ltr'>sui</span> <span class='ocrx_word' id='word_1_217' title='bbox 591 4074 714 4138; x_wconf 86' lang='lat' dir='ltr'>circam</span> <span class='ocrx_word' id='word_1_218' title='bbox 731 4075 971 4158; x_wconf 76' lang='lat' dir='ltr'>longitudinem</span> <span class='ocrx_word' id='word_1_219' title='bbox 983 4076 1205 4150; x_wconf 88' lang='lat' dir='ltr'>statuendam,</span> <span class='ocrx_word' id='word_1_220' title='bbox 1220 4077 1308 4156; x_wconf 84' lang='lat' dir='ltr'>quod</span> <span class='ocrx_word' id='word_1_221' title='bbox 1324 4078 1420 4141; x_wconf 88' lang='lat' dir='ltr'>aulae</span> <span class='ocrx_word' id='word_1_222' title='bbox 1436 4077 1551 4156; x_wconf 88' lang='lat' dir='ltr'>hispa-</span> 
     </span>
     <span class='ocr_line' id='line_1_32' title="bbox 385 4183 1545 4268; baseline -0.001 -22"><span class='ocrx_word' id='word_1_223' title='bbox 385 4199 451 4247; x_wconf 87' lang='lat' dir='ltr'>nae</span> <span class='ocrx_word' id='word_1_224' title='bbox 473 4183 683 4264; x_wconf 77' lang='lat' dir='ltr'>patefecerat,</span> <span class='ocrx_word' id='word_1_225' title='bbox 706 4185 882 4266; x_wconf 90' lang='lat' dir='ltr'>desperare</span> <span class='ocrx_word' id='word_1_226' title='bbox 905 4183 1036 4268; x_wconf 87' lang='lat' dir='ltr'>coepit)</span> <span class='ocrx_word' id='word_1_227' title='bbox 1062 4186 1192 4248; x_wconf 90' lang='lat' dir='ltr'>nullam</span> <span class='ocrx_word' id='word_1_228' title='bbox 1215 4187 1249 4249; x_wconf 91' lang='lat' dir='ltr'>in</span> <span class='ocrx_word' id='word_1_229' title='bbox 1272 4188 1344 4268; x_wconf 87' lang='lat' dir='ltr'>ejus</span> <span class='ocrx_word' id='word_1_230' title='bbox 1375 4185 1545 4266; x_wconf 86' lang='lat' dir='ltr'>operibus,</span> 
     </span>
     <span class='ocr_line' id='line_1_33' title="bbox 387 4291 1545 4375; baseline 0.003 -20"><span class='ocrx_word' id='word_1_231' title='bbox 387 4298 444 4357; x_wconf 89' lang='lat' dir='ltr'>aut</span> <span class='ocrx_word' id='word_1_232' title='bbox 479 4291 647 4375; x_wconf 87' lang='lat' dir='ltr'>epistolari</span> <span class='ocrx_word' id='word_1_233' title='bbox 677 4292 891 4364; x_wconf 90' lang='lat' dir='ltr'>commercio,</span> <span class='ocrx_word' id='word_1_234' title='bbox 924 4312 983 4357; x_wconf 89' lang='lat' dir='ltr'>nec</span> <span class='ocrx_word' id='word_1_235' title='bbox 1016 4294 1124 4357; x_wconf 89' lang='lat' dir='ltr'>alieno</span> <span class='ocrx_word' id='word_1_236' title='bbox 1157 4295 1358 4367; x_wconf 89' lang='lat' dir='ltr'>testimonio,</span> <span class='ocrx_word' id='word_1_237' title='bbox 1383 4292 1545 4358; x_wconf 89' lang='lat' dir='ltr'>indicium</span> 
     </span>
     <span class='ocr_line' id='line_1_34' title="bbox 384 4399 1548 4486; baseline 0 -19"><span class='ocrx_word' id='word_1_238' title='bbox 384 4404 545 4483; x_wconf 83' lang='lat' dir='ltr'>reperitur</span> <span class='ocrx_word' id='word_1_239' title='bbox 572 4399 631 4486; x_wconf 75' lang='lat'>(2),</span> <span class='ocrx_word' id='word_1_240' title='bbox 654 4401 752 4483; x_wconf 89' lang='lat' dir='ltr'>cujus</span> <span class='ocrx_word' id='word_1_241' title='bbox 789 4401 936 4466; x_wconf 85' lang='lat' dir='ltr'>subsidio</span> <span class='ocrx_word' id='word_1_242' title='bbox 970 4405 1066 4485; x_wconf 74' lang='lat' dir='ltr'>argui</span> <span class='ocrx_word' id='word_1_243' title='bbox 1097 4402 1215 4483; x_wconf 90' lang='lat' dir='ltr'>possit,</span> <span class='ocrx_word' id='word_1_244' title='bbox 1244 4420 1322 4466; x_wconf 90' lang='lat' dir='ltr'>eum</span> <span class='ocrx_word' id='word_1_245' title='bbox 1353 4401 1548 4484; x_wconf 86' lang='lat' dir='ltr'>perdurasse</span> 
     </span>
    </p>
   </div>
   <div class='ocr_carea' id='block_1_5' title="bbox 380 4591 1555 4744">
    <p class='ocr_par' dir='ltr' id='par_1_8' title="bbox 380 4591 1555 4744">
     <span class='ocr_line' id='line_1_35' title="bbox 442 4591 1555 4658; baseline 0.006 -18"><span class='ocrx_word' id='word_1_246' title='bbox 442 4594 476 4652; x_wconf 75' lang='lat' dir='ltr'>ti)</span> <span class='ocrx_word' id='word_1_247' title='bbox 492 4591 589 4642; x_wconf 79' lang='lat' dir='ltr'>Fascio</span> <span class='ocrx_word' id='word_1_248' title='bbox 604 4597 757 4642; x_wconf 77' lang='lat' dir='ltr'>contenente</span> <span class='ocrx_word' id='word_1_249' title='bbox 773 4594 870 4643; x_wconf 76' lang='lat' dir='ltr'>dirimi</span> <span class='ocrx_word' id='word_1_250' title='bbox 885 4595 1016 4658; x_wconf 76' lang='lat' dir='ltr'>apponii,</span> <span class='ocrx_word' id='word_1_251' title='bbox 1033 4594 1114 4657; x_wconf 77' lang='lat' dir='ltr'>fipure</span> <span class='ocrx_word' id='word_1_252' title='bbox 1129 4606 1143 4640; x_wconf 80' lang='lat' dir='ltr'>e</span> <span class='ocrx_word' id='word_1_253' title='bbox 1159 4594 1255 4643; x_wconf 75' lang='lat' dir='ltr'>counit</span> <span class='ocrx_word' id='word_1_254' title='bbox 1269 4597 1442 4646; x_wconf 78' lang='lat' dir='ltr'>astronomici</span> <span class='ocrx_word' id='word_1_255' title='bbox 1460 4600 1555 4647; x_wconf 73' lang='lat' dir='ltr'>imore·</span> 
     </span>
     <span class='ocr_line' id='line_1_36' title="bbox 380 4678 1073 4744; baseline 0.007 -18"><span class='ocrx_word' id='word_1_256' title='bbox 380 4678 447 4739; x_wconf 78' lang='lat' dir='ltr'>plati</span> <span class='ocrx_word' id='word_1_257' title='bbox 462 4681 491 4730; x_wconf 81' lang='lat' dir='ltr'>di</span> <span class='ocrx_word' id='word_1_258' title='bbox 510 4679 620 4735; x_wconf 80' lang='lat' dir='ltr'>Gnltleo,</span> <span class='ocrx_word' id='word_1_259' title='bbox 636 4682 658 4730; x_wconf 87' lang='lat' dir='ltr'>il</span> <span class='ocrx_word' id='word_1_260' title='bbox 674 4687 741 4731; x_wconf 82' lang='lat' dir='ltr'>tutto</span> <span class='ocrx_word' id='word_1_261' title='bbox 757 4682 896 4744; x_wconf 70' lang='lat' dir='ltr'>naloprofo</span> <span class='ocrx_word' id='word_1_262' title='bbox 910 4684 940 4731; x_wconf 84' lang='lat' dir='ltr'>ln</span> <span class='ocrx_word' id='word_1_263' title='bbox 953 4695 1016 4744; x_wconf 80' lang='lat' dir='ltr'>pap.</span> <span class='ocrx_word' id='word_1_264' title='bbox 1035 4686 1073 4731; x_wconf 73' lang='lat' dir='ltr'>llll.</span> 
     </span>
    </p>
   </div>
   <div class='ocr_carea' id='block_1_6' title="bbox 384 4763 1555 4896">
    <p class='ocr_par' dir='ltr' id='par_1_9' title="bbox 384 4763 1555 4896">
     <span class='ocr_line' id='line_1_37' title="bbox 430 4763 1555 4896; baseline 0.008 -85"><span class='ocrx_word' id='word_1_265' title='bbox 430 4763 610 4896; x_wconf 50' lang='lat' dir='ltr'>aiamim</span> <span class='ocrx_word' id='word_1_266' title='bbox 625 4765 682 4816; x_wconf 79' lang='lat' dir='ltr'>ride</span> <span class='ocrx_word' id='word_1_267' title='bbox 699 4778 809 4816; x_wconf 79' lang='lat' dir='ltr'>eramen</span> <span class='ocrx_word' id='word_1_268' title='bbox 821 4780 869 4830; x_wconf 85' lang='lat' dir='ltr'>per</span> <span class='ocrx_word' id='word_1_269' title='bbox 880 4780 929 4816; x_wconf 82' lang='lat' dir='ltr'>nos</span> <span class='ocrx_word' id='word_1_270' title='bbox 945 4767 1094 4819; x_wconf 85' lang='lat' dir='ltr'>institutum</span> <span class='ocrx_word' id='word_1_271' title='bbox 1106 4768 1132 4818; x_wconf 90' lang='lat' dir='ltr'>ln</span> <span class='ocrx_word' id='word_1_272' title='bbox 1144 4768 1297 4833; x_wconf 78' lang='lat' dir='ltr'>quibasdam</span> <span class='ocrx_word' id='word_1_273' title='bbox 1309 4771 1443 4834; x_wconf 75' lang='lat' dir='ltr'>phrasibus</span> <span class='ocrx_word' id='word_1_274' title='bbox 1458 4770 1555 4823; x_wconf 75' lang='lat' dir='ltr'>vniam</span> 
     </span>
     <span class='ocr_line' id='line_1_38' title="bbox 384 4847 1019 4895; baseline 0.008 -2"><span class='ocrx_word' id='word_1_275' title='bbox 384 4850 411 4893; x_wconf 88' lang='lat' dir='ltr'>et</span> <span class='ocrx_word' id='word_1_276' title='bbox 454 4859 470 4894; x_wconf 90' lang='lat' dir='ltr'>e</span> <span class='ocrx_word' id='word_1_277' title='bbox 490 4847 516 4895; x_wconf 91' lang='lat' dir='ltr'>ii.</span> <span class='ocrx_word' id='word_1_278' title='bbox 1013 4851 1019 4861; x_wconf 91' lang='lat'>&#39;</span> 
     </span>
    </p>
   </div>
   <div class='ocr_carea' id='block_1_7' title="bbox 0 0 2060 5934">
    <p class='ocr_par' dir='ltr' id='par_1_10' title="bbox 0 0 2060 5934">
     <span class='ocr_line' id='line_1_39' title="bbox 0 0 2060 5934; baseline 0 0"><span class='ocrx_word' id='word_1_279' title='bbox 0 0 2060 5934; x_wconf 95' lang='lat' dir='ltr'> </span> 
     </span>
    </p>
   </div>
  </div>
 </body>
</html>
